2708 4628
600 213 747 301 A

101 398 219 480 Ei'vero
242 417 420 492 Sempronio,
444 416 493 489 qui
504 415 651 473 ann0218
674 429 701 472 a.
718 412 786 472 (ihr.
799 431 827 472 n.
849 414 948 475 consul
966 413 1033 495 fuit,
1054 416 1159 474 nomen
1174 420 1244 475 'erat

101 521 146 579 Ti.
169 518 338 592 Sempronio
358 516 469 590 Lbngo,
492 530 549 574 non
571 513 701 572 Graccho
719 512 750 586 ¹).

186 618 266 689 Quae
288 617 389 676 Keller
416 633 444 689 p.
471 617 527 674 193
558 614 594 673 de
621 611 800 672 Maharbalis
830 613 1012 685 expeditione
1041 612 1243 687 Romanisque,

101 718 168 777 dum
189 718 219 775 in
240 722 329 793 ponte
349 713 482 774 faciendo
505 713 692 785 distinemur,
714 714 859 787 oppressis
875 718 984 785 narrat,
1007 713 1244 786 interpretatione

100 834 201 892 parum
230 820 369 876 accurata
397 830 432 873 ex
454 815 516 872 Liv.
539 813 689 871 21·45·2
719 813 868 885 surrepsit,
900 816 964 871 cu‘m
996 813 1020 871 is
1041 813 1179 871 Numidas
1207 811 1244 871 ad

100 890 316 991 depopulandos
335 930 420 988 agros
442 913 575 972 dimissos
597 929 659 972 esse
679 913 841 972 tradiderit.

185 1016 297 1074 Deinde
313 1013 432 1071 Nitzsch
444 1007 472 1083 ²)
488 1013 691 1083 Hannibalem,
713 1015 762 1085 qui
776 1029 793 1070 a
807 1017 891 1086 patre
912 1010 1111 1071 iureiurando
1126 1011 1246 1071 adactus
1261 1023 1263 1027 ’

102 1124 173 1189 erat,
208 1133 239 1174 se
268 1128 413 1187 nunquam
445 1112 582 1170 Romanis
611 1114 733 1171 amicum
761 1109 839 1179 fore,
868 1111 898 1170 id
928 1112 1053 1184 Scipioni
1082 1115 1246 1171 narravisse

101 1220 199 1286 putat;
229 1212 352 1272 utillud
377 1211 598 1283 haudquaquam
619 1212 765 1284 discrepat
786 1213 862 1271 inter
889 1217 1031 1287 auctores,
1054 1210 1247 1271 Hannibalem
1335 1208 1338 1213 ’

105 1331 168 1374 eam
189 1330 251 1371 rem
272 1311 416 1370 Antiocho
438 1312 501 1386 regi
523 1313 699 1385 exposuisse.

187 1412 344 1472 Boettcher
367 1407 408 1484 (p.
431 1407 504 1484 412)
533 1413 562 1468 iu
595 1411 684 1470 nobih
713 1429 810 1487 pugna
834 1415 871 1473 ad
903 1414 1130 1474 Trasumennum
1167 1431 1246 1473 com·
1335 1493 1338 1497 ¹

103 1515 191 1572 missa
224 1513 323 1571 decem
355 1511 434 1570 milia
458 1513 653 1570 Romanorum
680 1530 734 1585 per
767 1513 904 1573 adversos
937 1514 1034 1573 hostes
1066 1515 1246 1588 eruptionem

103 1613 205 1673 fecisse
228 1613 312 1682 dicit,
342 1611 425 1683 quasi
454 1626 603 1670 veronen
632 1627 683 1670 sex
710 1612 820 1672 milium
847 1630 980 1674 numerus
1005 1616 1120 1689 legatur
1141 1621 1172 1674 et
1199 1632 1244 1688 ap.

106 1715 166 1772 Pol.
191 1711 335 1770 oct-11
360 1714 390 1768 et
411 1727 457 1782 ap.
480 1710 542 1767 Liv.
565 1712 742 1782 22·6·8³).

188 1812 267 1871 Idem
292 1807 337 1887 (p.
362 1803 441 1888 372)
470 1811 499 1869 iu
521 1811 583 1870 Liu.
612 1813 757 1872 2l·22·3
787 1814 941 1872 lectionem
968 1813 1137 1886 „elephanti
1157 1812 1247 1872 XIV“
1317 1873 1322 1884 ,

103 1911 295 1984 amplectitur,
321 1912 450 1984 quamvis
461 1912 523 1971 cod.
532 1910 614 1972 Golb.
628 1917 658 1970 et
669 1915 842 1971 recentiores
864 1913 988 1972 editores
1000 1914 1037 1972 ad
1050 1930 1139 1973 unum
1149 1930 1247 1974 omnes

109 2013 166 2086 ,‚el.
181 2009 273 2071 XXT‘
295 2009 455 2084 praebcant
468 2006 506 2085 ⁴),
530 2013 578 2084 qui
592 2029 727 2072 numerus
738 2012 815 2072 idem
835 2015 911 2085 apud
925 2015 989 2073 Pol.
1007 2015 1093 2074 3·33·
1105 2014 1141 2071 16
1156 2019 1246 2072 extat.

191 2109 490 2183 DeniqueBoettcher
512 2111 554 2185 (p.
571 2112 643 2185 367)
658 2113 719 2171 Liv.
741 2115 883 2170 21·14·1
909 2119 1078 2188 „argentum
1091 2128 1248 2186 aurumque

105 2226 192 2270 omne
213 2229 248 2270 ex
268 2210 384 2285 publico
405 2214 574 2285 priuatoque
595 2213 625 2271 in
647 2203 742 2286 ignem
764 2212 958 2273 conicientes“
982 2220 1012 2273 et
1032 2215 1094 2272 Liu.
1110 2215 1246 2270 21·15·1

107 2327 287 2385 „quanquam
303 2304 458 2390 pleraque
479 2311 516 2370 ab
539 2312 660 2371 dominis
682 2314 717 2373 de
738 2314 881 2373 industria
911 2319 1048 2386 corrupta
1070 2316 1169 2372 erant“
1194 2312 1248 2372 sibi

106 2428 162 2469 non
185 2427 348 2484 repugnare
377 2410 455 2479 dicit,
487 2427 551 2470 cum
578 2413 704 2484 „0mne“
734 2420 763 2472 et
784 2411 963 2488 „pleraqoe“
997 2415 1042 2471 his
1071 2415 1142 2471 locis
1171 2413 1247 2471 idem

105 2511 275 2585 significent.
318 2510 377 2570 Sed
398 2509 541 2570 diversam
561 2512 772 2585 quodammodo
795 2514 959 2586 opinionem
981 2511 1016 2570 de
1037 2512 1081 2570 his
1101 2509 1248 2571 uocabulis

104 2609 216 2684 profert
247 2628 275 2683 p.
307 2613 378 2682 387,
412 2612 460 2671 ubi
492 2615 552 2686 agit
581 2612 618 2671 de
645 2614 709 2672 Liv.
743 2616 780 2670 21
794 2638 800 2651 ·
814 2614 901 2672 38·5
935 2613 1074 2685 „Taurini
1103 2611 1249 2686 Semigalli

104 2726 244 2783 proxuma
259 2727 329 2784 gens
352 2715 416 2769 erat
437 2712 467 2767 in
482 2711 596 2770 Italiam
619 2711 764 2785 degresso.
787 2712 816 2770 id
831 2729 894 2770 cum
916 2709 998 2770 ieter
1012 2729 1114 2770 oannes
1129 2719 1248 2784 constet,

105 2825 139 2868 eo
160 2811 251 2883 magis
272 2812 363 2868 miror
384 2808 499 2883 ambigi,
531 2797 654 2884 quanam
674 2812 756 2884 Alpis
781 2814 940 2889 transierit,
971 2819 1001 2872 et
1022 2814 1106 2885 uulgo
1130 2813 1249 2872 credere

104 2913 234 2970 Poenino
255 2916 476 2985 transgressum,
505 2910 635 2971 Coelium
655 2928 707 2985 per
729 2911 877 2972 Cremonis
901 2915 1000 2986 iugum
1030 2912 1126 2973 dicere
1154 2919 1249 2972 trans·

106 3008 195 3069 isse“.
237 3009 313 3070 Nam
341 3027 406 3070 cum
427 3009 565 3084 Polybius
587 3012 623 3067 3·
640 3013 728 3070 dii-3
751 3012 941 3072 Hannibalem
970 3013 1008 3072 ad
1036 3013 1170 3073 Insubres
1199 3014 1249 3072 de-

105 3110 252 3170 scendisse
274 3110 351 3169 dicat
374 3111 491 3170 atinde
514 3113 547 3183 (3
563 3110 684 3186 ·60·8)
706 3118 806 3172 contra
826 3112 966 3173 Taurinos
991 3111 1150 3187 profectum
1177 3129 1248 3185 esse,

111 3276 358 3284 --.-..-.-.-..-.

182 3367 202 3434 ¹)
221 3368 261 3421 Of.
280 3370 352 3422 Fust.
371 3385 443 3422 cons.
462 3370 574 3436 Capitol.
594 3373 622 3423 in
642 3372 714 3424 (1.1.
732 3373 762 3424 L.
780 3374 793 3424 1
811 3391 836 3441 p.
856 3374 916 3436 435,
942 3375 1087 3426 Mommsen
1105 3373 1204 3424 ibidem
1223 3390 1250 3439 p.

114 3455 172 3518 524,
191 3455 305 3506 Dionem
324 3456 396 3508 (lass.
414 3474 456 3522 ap.
469 3458 532 3508 Zeu.
547 3459 666 3509 VIII-23
684 3458 764 3529 (init.)
780 3465 806 3512 et
818 3462 860 3520 24,
879 3460 938 3512 Lir.
951 3463 982 3510 21
995 3463 1063 3512 ·6·3
1082 3468 1108 3510 et
1120 3463 1248 3522 34423,

111 3543 181 3608 App.
201 3543 277 3610 Hisp.
298 3545 338 3608 14,
358 3544 479 3596 Frontis.
498 3550 605 3614 strateg.
629 3548 741 3596 2523.
777 3546 927 3596 Gracchum
952 3562 1000 3614 pro
1018 3547 1112 3613 Longo
1130 3548 1251 3598 nominat

112 3627 219 3694 Eutrop.
237 3630 299 3680 3·9.
341 3629 382 3681 Of.
406 3629 485 3680 etium
504 3631 608 3697 Ampel.
634 3633 703 3682 nti-u
727 3631 813 3699 „apud
838 3633 964 3686 Trebiam
989 3633 1128 3684 vulnerato
1153 3635 1249 3684 Flacco

42 3746 44 3749 v
111 3714 244 3765 consulo“.

182 3798 203 3868 ¹)
221 3802 298 3853 Rom.
317 3801 468 3854 Annalistu’lr
490 3821 516 3870 p.
540 3805 601 3854 300:
625 3805 664 3856 cf.
687 3805 742 3857 Pol.
766 3806 784 3856 l.
808 3809 833 3859 3.
856 3819 881 3856 ct
904 3811 944 3871 11,
970 3808 1029 3859 Liv.
1051 3806 1070 3858 l.
1094 3808 1137 3860 35.
1160 3821 1182 3857 c.
1209 3808 1249 3874 19,

110 3887 190 3938 Corn.
209 3888 275 3954 Nep.
294 3889 382 3940 Hann.
403 3895 427 3940 2.

178 3970 199 4038 ³)
218 3975 391 4026 Inveniuntur
410 3976 500 4027 decem
515 3976 590 4027 milia
608 3976 678 4044 apud
696 3979 844 4045 Appianum
862 3979 963 4047 (Hann.
983 3981 1044 4047 10);
1063 3981 1108 4032 sed
1128 3983 1174 4046 qui
1193 3983 1250 4047 puri

108 4073 217 4111 numero
241 4063 352 4112 Romani
377 4063 411 4114 ad
429 4063 554 4114 Trebiam
581 4063 697 4115 hostium
725 4067 807 4117 aciem
827 4082 977 4135 perrupere,
1003 4071 1037 4119 ab
1056 4068 1178 4134 Appiano
1197 4083 1251 4119 non

49 4150 57 4165 ·
111 4154 357 4206 commemorentur,
376 4149 446 4200 unde
464 4165 525 4200 eum
543 4152 669 4202 memoria
686 4151 790 4220 lapsum
808 4170 866 4206 esse
884 4155 1006 4206 conicias.

182 4231 203 4298 ⁴)
223 4233 263 4287 Of.
281 4235 435 4288 Alschefski
455 4236 488 4286 ad
508 4237 568 4288 Liv.
588 4240 725 4291 21·22·3.
