2708 4628
129 478 200 536 ceps
221 459 328 533 gradus
356 458 525 525 transierit,
556 457 594 518 ad
621 473 706 530 quem
735 456 821 516 finem
849 461 1025 531 pervenerit.
1070 459 1143 517 Nam
1165 459 1284 523 Kellero

130 561 247 635 quidem
268 561 292 618 si
312 540 495 630 assentiaris,
519 556 587 617 Piso
617 573 681 616 cum
711 571 759 614 res
782 559 929 619 Romanae
950 559 1066 619 vixdum
1087 539 1204 618 Latino¹
1221 575 1284 620 ser-

31 687 32 690 *
131 679 216 722 mone
237 661 376 733 explicari
396 663 518 732 coeptae
540 662 646 730 essent,
669 659 700 716 in
723 658 995 732 summumgradom
1008 660 1103 719 enisus
1125 661 1180 730 est,
1203 660 1283 720 ultra

129 779 216 836 quem
244 767 337 832 nequa
357 758 473 818 Coelius
496 774 589 830 nequo
610 756 708 816 Livius
730 759 879 832 progressi
899 761 965 819 sint.
1012 759 1122 820 Contra
1147 771 1181 819 ea
1203 761 1228 819 si
1249 759 1283 820 G,

130 861 237 932 Faberi,
261 857 478 931 E.Woelfflini,
501 859 623 919 aliorum
646 860 788 917 sententia
809 863 890 918 recte
911 860 1057 933 sehabet,
1086 857 1208 931 Coelius,
1234 860 1284 933 qui

129 964 239 1036 primus
261 976 320 1018 non
341 975 440 1019 omnes
471 948 519 1018 res
542 961 705 1026 Romanas,
738 958 789 1018 sod
811 959 904 1018 solum
926 960 1032 1020 bollum
1054 956 1282 1018 Hannibalicum

130 1064 300 1135 persecutus
322 1065 375 1133 est,
400 1061 490 1119 etiam
510 1061 620 1133 primus
640 1075 689 1119 res
711 1061 873 1119 accuratius
888 1059 1048 1135 indagavit
1074 1064 1103 1118 et
1134 1066 1283 1119 oratorum

130 1178 211 1221 more
232 1161 383 1220 exornavit
414 1175 505 1232 eaque
535 1177 568 1218 re
599 1160 739 1233 insignem
771 1158 885 1219 laudem
906 1159 1054 1221 Ciceronis
1083 1159 1137 1219 sibi
1165 1161 1282 1231 meruit,

130 1261 229 1320 Livius
249 1275 318 1319 vero
339 1276 397 1318 non
430 1259 521 1318 solum
549 1257 651 1318 florido
679 1258 793 1318 dicendi
824 1275 932 1333 genere
965 1258 1096 1320 Coelium
1124 1259 1282 1333 superavit,

128 1378 195 1420 cum
215 1362 330 1418 interea
350 1366 380 1418 et
401 1372 489 1432 prosa
511 1360 605 1418 oratio
634 1364 663 1418 et
692 1360 787 1432 poesis
815 1360 948 1418 excultae
977 1365 1091 1431 essent,
1122 1359 1283 1419 sedetiam

129 1466 268 1535 quantum
290 1464 406 1532 poterat
429 1458 594 1518 existimare
625 1463 819 1533 quantumque
840 1461 972 1520 Romano
1003 1460 1136 1531 licebat‚'
1160 1462 1301 1535 propius,

128 1562 168 1622 ad
189 1563 340 1645 urm-itatem
361 1560 477 1619 accesit.
522 1559 617 1621 Multa
644 1559 775 1632 quidem,
799 1576 873 1633 quae
894 1561 971 1632 apud
993 1558 1170 1631 Diodorum,
1194 1559 1282 1618 Vale-

130 1652 216 1722 rium
237 1662 405 1733 Maximum,
428 1660 603 1736 Appianum,
627 1661 810 1734 Eutropium,
833 1660 983 1733 Zonaram,
1005 1661 1135 1721 aliosde
1156 1659 1282 1719 crudeli·

130 1769 207 1836 tate,
239 1761 464 1836 inhumanitate,
493 1762 615 1835 perfidia
637 1760 811 1822 Hannibalis
839 1767 1011 1834 narrantur,
1044 1762 1093 1820 ille
1125 1752 1281 1820 certiorem

131 1866 280 1922 auctorem
302 1859 453 1933 Polybium
476 1866 591 1920 secutus
620 1866 653 1919 ut
680 1859 748 1921 ficta
781 1863 896 1922 silentio
927 1863 1132 1938 praetermisit.
1176 1861 1279 1934 Itaque

132 1962 242 2035 Livius,
263 1960 332 2017 licet
353 1961 440 2033 plane
462 1961 547 2019 aliter
569 1965 677 2022 sentiat
698 1969 728 2021 et
749 1965 842 2023 minus
858 1964 970 2036 integre
991 1964 1027 2022 de
1043 1963 1129 2022 rebus
1139 1963 1281 2022 Romanis

131 2062 240 2121 iudicet
271 2076 356 2132 quam
384 2057 520 2131 Polybius
555 2063 660 2134 quique
693 2066 865 2124 nostratium
892 2063 1022 2124 eandem
1042 2065 1202 2124 studiorum
1227 2062 1282 2122 sibi

132 2163 304 2238 delegerunt
318 2161 508 2231 provinciam,
524 2167 619 2221 tamen
642 2179 708 2222 cum
730 2162 824 2224 officio
847 2179 899 2223 suo
921 2180 978 2222 nou
995 2162 1130 2238 defuerit,
1152 2179 1204 2222 suo
1226 2164 1286 2241 ho·¹
1333 2169 1336 2175 '

132 2263 196 2321 nori
217 2261 413 2319 restituendus
443 2266 488 2318 est
520 2262 652 2337 bonoque
684 2262 746 2322 fato
777 2266 839 2323 eius
868 2265 963 2338 potius
992 2281 1078 2337 quam
1100 2264 1212 2323 Pisonis
1235 2267 1286 2325 vel·

131 2362 225 2422 (icelii
247 2378 336 2435 opera
358 2363 395 2420 ad
417 2365 547 2422 nostrum
569 2381 673 2424 aevum
693 2371 894 2437 peruenerunt.
917 2379 921 2386 ·
