2708 4628
626 161 629 167 ’
664 188 701 241 41

62 374 67 382 ’
99 386 198 447 Livius
228 386 259 443 iu
290 385 418 456 priorem
454 383 648 441 narrationem
680 380 843 453 inseruit¹)‚
876 380 908 439 id
935 383 1011 455 apud
1033 385 1198 456 Appianum
1219 389 1248 442 et

101 485 244 543 Zonaram
265 484 352 556 paulo
373 484 460 540 aliter
482 481 670 552 describitur3
700 480 785 551 plane
807 479 940 539 diversae
962 481 1055 541 famae
1078 486 1249 540 auctorest
1315 540 1317 544 ,

84 567 240 656 ¹Polybius
263 581 309 657 (3·
322 581 509 652 moa-7).

186 680 276 755 Quem
297 684 387 756 igitur
409 683 580 754 scriptorem
599 680 760 741 Romanum
782 689 899 757 praeter
922 681 1052 742 Coelium
1073 697 1091 738 a
1112 683 1196 739 Livio
1219 681 1248 738 in

101 800 182 841 nsum
202 787 335 841 vocatum
358 798 419 839 esse
442 779 559 839 dicam?
601 779 757 839 Videamus
778 783 912 853 primum,
936 779 1004 852 quid
1026 781 1074 838 ille
1088 780 1124 837 de
1146 783 1248 837 aucto·

101 881 179 939 ribus
202 882 262 939 suis
285 878 433 952 professus
458 882 504 939 sit.
1021 875 1022 878 ’

184 979 284 1038 Livius
318 980 349 1036 in
384 979 492 1037 decade
523 980 610 1037 tertia
640 983 757 1051 praeter
780 977 909 1037 Coelium
941 984 970 1037 et
995 978 1146 1051 Polybium
1169 976 1246 1049 (Liv.

88 1080 264 1149 -30-45·5)
287 1079 340 1136 hos
364 1083 496 1136 auctores
518 1077 631 1137 laudat:

188 1181 216 1251 1)
239 1179 384 1234 ares-3
408 1177 443 1235 L.
465 1177 594 1235 Cincium
615 1175 801 1242 Alimentum,

186 1276 217 1347 2)
238 1278 373 1332 .22·7·4
395 1276 520 1335 Fabium
541 1276 696 1350 Pictorem,

186 1373 216 1445 3)
240 1377 361 1432 att-39·
376 1378 411 1431 12
435 1374 595 1447 Claudium,
629 1377 676 1447 qui
709 1376 825 1433 annales
847 1374 994 1433 Acilianos
1025 1390 1059 1433 ex
1082 1372 1193 1431 Gracco
1216 1371 1246 1428 in

50 1526 55 1533 .
100 1474 239 1533 Latinum
261 1491 425 1533 sermonem
438 1480 584 1557 'verterat
650 1512 654 1521 -

185 1574 216 1645 4)
238 1576 407 1632 25·39·15
432 1574 577 1648 Pisonem,

186 1672 218 1747 5)
239 1675 384 1732 26’49·3
408 1673 544 1744 Silenum,

186 1771 217 1846 6)
240 1775 406 1831 29·22·10
430 1773 561 1832 Clodium
583 1772 724 1842 Licinum,

185 1870 217 1945 7)
240 1873 390 1930 Valerium
412 1872 560 1931 Antiatem
582 1872 696 1944 septies.

185 1971 297 2029 Horum
332 1974 459 2030 omniurn
492 1974 664 2045 scriptorum
700 1986 789 2041 opera
809 1973 875 2027 tota
894 1968 1007 2027 Livium
1029 1969 1176 2026 lectitasse
1199 1970 1247 2027 vix

100 2072 251 2141 quisquan
272 2070 461 2129 contenderit.
496 2071 587 2130 Immo
608 2074 638 2129 in
661 2087 724 2128 cam
746 2073 860 2142 partem
881 2070 978 2140 potius
1001 2068 1118 2137 inclino,
1142 2073 1173 2124 ut
1195 2085 1248 2140 pu-

102 2175 163 2226 tem
193 2185 243 2227 eos
278 2171 326 2240 qui
359 2171 448 2228 semel
480 2172 646 2245 laudantur,
669 2169 832 2239 (Clodium)
867 2168 1045 2239 nraxinneqnc
1069 2168 1117 2238 qui
1140 2169 1250 2226 numeri
1329 2192 1332 2197 ·

103 2267 223 2326 alicuius
254 2274 344 2327 testes
377 2268 545 2341 afferuntur,
580 2268 731 2342 (Cincium,
755 2268 888 2337 Fabium,
919 2267 1078 2339 Claudium,
1101 2265 1245 2338 Pisonem,

103 2364 248 2442 Silenum)
279 2370 400 2428 aLivio
429 2376 479 2426 aut
500 2386 536 2427 ex
558 2370 690 2441 graviore
722 2367 779 2425 alio
802 2373 930 2435 anctore,
962 2368 1009 2438 qni
1032 2367 1264 2438 resultaverit·

100 2467 260 2538 descriptos
290 2474 342 2525 aut
372 2470 402 2524 in
432 2484 465 2525 re
495 2468 581 2526 dubia
613 2467 757 2527 consultos
779 2483 849 2524 esse.
894 2466 1014 2524 Accedit
1035 2467 1110 2536 quod
1132 2466 1249 2524 Cincius
1274 2523 1277 2529 ,

100 2572 223 2639 propter
244 2584 360 2641 gravem
384 2584 513 2626 errorem
534 2569 722 2640 vituperatur,
746 2566 854 2624 Fabius
877 2571 906 2624 et
927 2566 1038 2623 Silenus
1073 2570 1174 2636 utpote
1191 2567 1248 2622 iarn
1306 2602 1309 2607 -

100 2684 120 2724 a
131 2664 252 2738 Polybio
267 2673 296 2724 et
311 2665 408 2726 Coelio
422 2669 452 2724 in
475 2684 555 2725 nsum
577 2667 671 2724 vocati
690 2682 760 2737 prae
782 2667 839 2724 illis
861 2666 978 2723 minoris
995 2665 1132 2722 momenti
1145 2669 1245 2722 erant.

99 2765 202 2838 ltaque
238 2781 273 2824 ex
309 2771 421 2840 septem
453 2767 510 2825 illis
545 2767 710 2826 auctoribus
746 2782 818 2825 unm
854 2765 995 2839 Valerius,
1031 2765 1081 2837 qui
1112 2780 1130 2820 a
1158 2764 1242 2821 Livio

100 2866 291 2936 25·39·14,
316 2865 481 2938 ‘zoae-3,
507 2868 849 2925 30·19·11et29·7
871 2865 1046 2938 singulorum
1062 2880 1247 2923 numerorum

100 2967 194 3036 testis,
225 2966 400 3038 aeae-14,
431 2968 578 3033 29·35·2,
603 2967 727 3025 30·3·o
757 2966 792 3023 ob
821 2966 893 3022 alias
922 2977 1024 3022 causas
1046 2964 1190 3030 laudatur,
1218 2965 1248 3020 in

99 3066 190 3123 tertia
212 3065 319 3123 decade
341 3068 455 3138 saepius
486 3066 600 3125 videtur
631 3067 778 3125 consultus
805 3081 877 3123 esse.
931 3065 1031 3136 Neque
1059 3064 1089 3121 id
1132 3062 1248 3135 quidem

100 3164 187 3220 ullius
206 3166 342 3222 momenti
364 3170 418 3238 est,
443 3165 518 3236 quod
539 3167 568 3222 in
591 3165 671 3223 libris
694 3167 816 3221 21-24
831 3164 964 3222 Valerius
987 3180 1131 3236 nunquam
1148 3158 1248 3222 'nomi-

101 3268 205 3335 natur;
236 3280 302 3322 nam
334 3279 370 3322 ne
392 3263 507 3336 Polybii
539 3264 653 3337 quidem
681 3266 711 3321 in
741 3265 786 3322 his
814 3264 896 3323 libris
918 3266 1026 3322 mentio
1047 3264 1081 3322 fit
1101 3280 1194 3335 neque
1217 3263 1246 3322 in

99 3360 182 3421 libris
216 3366 254 3423 23
278 3369 307 3437 et
328 3366 368 3421 24
400 3368 516 3435 praeter
548 3381 634 3422 unum
667 3364 804 3430 Coelium,
838 3365 918 3422 cuius
948 3364 1113 3423 testimonio
1143 3362 1242 3422 Livius

101 3462 157 3519 23·
170 3464 229 3521 6·8
251 3465 350 3533 utitur,
372 3467 520 3537 quisquam
540 3464 688 3523 laudatur.

175 3731 194 3798 ¹)
212 3733 273 3782 Liv.
295 3735 479 3783 naar-l-t‘:
509 3733 537 3781 in
561 3731 736 3809 prohibendis
762 3734 985 3796 praedatoribus.
1001 3769 1007 3782 .
1022 3731 1246 3814 ,haudquaquam

102 3838 152 3887 par
170 3823 267 3872 Poenis
283 3820 418 3871 dimicatio
437 3820 496 3870 fuit.
515 3821 549 3891 ad
567 3821 641 3871 mille
661 3827 687 3870 et
704 3824 867 3890 septingenti
885 3822 964 3884 caesi,
988 3835 1040 3868 non
1066 3818 1124 3884 plus
1144 3824 1249 3868 centum

101 3910 280 3959 Romanorum
298 3909 483 3973 sociorumque
501 3909 605 3959 occisis.
625 3935 656 3944 —
675 3909 778 3960 Pictum
796 3911 902 3960 videtur
921 3908 949 3958 id
962 3908 1093 3974 proelium
1112 3906 1146 3958 ad
1160 3920 1249 3956 exem·

102 3995 160 4060 plau
180 3994 275 4060 proelii
292 3995 362 4060 apud
381 3994 556 4046 Grumentum
574 3996 715 4059 commissi,
736 4011 795 4046 cum
814 4001 841 4047 in
863 4001 973 4060 utroque
998 3993 1100 4060 proelio
1119 4009 1246 4045 numerus

101 4081 218 4132 hostium
248 4096 384 4132 caesorum
418 4087 590 4148 captornmve
625 4084 722 4148 septies
757 4081 845 4133 decies
878 4083 963 4132 maior
997 4082 1032 4132 sit
1067 4096 1146 4147 quam
1182 4079 1251 4148 „llo-

103 4168 451 4235 mauorum-socc'oramqoe“
469 4171 627 4221 occisorum.
647 4169 721 4220 Gonf.
740 4169 798 4218 Liv.
817 4168 931 4219 XXVII.
949 4169 993 4217 42.
