2708 4628
649 199 751 286 2⁹³9..-
988 214 998 247 ·

97 392 235 466 scripsit:
262 388 412 471 „potiores
433 386 521 470 apud
540 407 587 450 nic
609 400 751 452 auctores
774 368 854 468 sant,
878 392 935 475 qai
956 389 1052 454 otono
1075 392 1131 454 oia
1145 389 1246 453 locum

97 499 168 549 rate
190 484 348 570 ianpendo
362 485 491 570 flamini
505 487 662 549 inventam
678 486 822 551 tradant:
846 511 883 552 ea
898 512 968 553 cnm
984 488 1118 576 Mapone
1133 490 1248 572 equites

100 599 129 648 et
150 586 371 669 Hispanorum
399 583 555 669 empeditoa
583 587 876 670 Δ3333333333.31333
908 587 1093 653 Hannibal.
1107 589 1250 655 ..traicit

98 688 231 770 pravius
255 684 402 770 pediturn
432 705 552 770 apmcn,
581 686 708 748 interim
731 685 829 771 Mapo
859 689 1093 775 eqniteaqneab
1115 690 1250 753 transita

92 785 241 872 flaminis
270 783 335 847 diei
362 786 455 848 arcina
488 785 599 847 itinere
627 784 821 850 Placentiam
854 786 899 850 ad
926 787 1025 854 hostes
1053 787 1248 852 contendant.

99 885 270 950 Hannibal
286 886 401 969 pancio
416 896 490 968 post
511 882 618 948 diebus
638 908 693 947 sen
714 885 802 949 mitia
825 910 844 949 a
860 887 1026 951 Placentia
1047 901 1155 951 castra
1170 909 1249 951 coni-

100 986 266 1051 munivit‘.
302 991 389 1063 Apud
410 988 562 1063 Polybium
585 992 660 1049 enim
684 985 795 1066 (3·66·
809 986 860 1068 11)
883 1006 941 1050 non
962 993 1085 1064 legimus
1094 993 1251 1065 Magonem

100 1109 166 1152 cum
188 1089 333 1166 equitibus
356 1095 386 1150 et
408 1091 547 1162 expeditis
568 1092 758 1164 praemissum
787 1107 848 1151 esse
870 1092 921 1151 sed
941 1092 1136 1151 Hannibalem
1157 1093 1252 1165 ipsum

102 1187 300 1270 δευτεραῖον
323 1176 388 1248 aad
409 1181 467 1263 τῆς
490 1179 683 1267 διαβάσεως
706 1190 743 1249 ad
764 1192 861 1250 hostes
886 1193 1005 1251 venisse.
1050 1193 1163 1252 Similes
1184 1199 1252 1252 sunt

102 1294 142 1349 22
154 1311 160 1323 ·
174 1296 211 1351 31
226 1295 358 1351 ·8-11.
401 1292 479 1350 Dicit
500 1291 575 1349 enim
590 1290 697 1361 Liviae,
719 1295 749 1348 et
765 1289 903 1364 Coelium,
926 1308 1011 1364 quem
1029 1294 1067 1349 22
1081 1327 1086 1338 ·
1101 1295 1136 1349 8·
1149 1293 1167 1349 5
1190 1309 1252 1366 sqq.

100 1396 163 1467 ipse
176 1398 290 1451 secutus
311 1395 366 1467 est,
390 1396 418 1448 et
440 1396 559 1461 ceteros,
582 1391 612 1447 in
635 1407 691 1461 qno
713 1406 832 1450 numero
854 1397 898 1450 est
915 1392 1052 1465 Polybius
1074 1391 1105 1467 (3
1118 1409 1124 1421 ·
1138 1394 1177 1450 87
1190 1413 1195 1425 ·
1210 1393 1251 1466 6),

101 1490 221 1566 fugisse,
244 1491 367 1550 Fabium
399 1507 457 1548 non
485 1491 658 1549 dictatorem
692 1491 743 1548 sed
771 1506 825 1562 pro
847 1490 987 1550 dictatore
1009 1488 1105 1550 fuisse.
1149 1492 1252 1565 Itaque

99 1591 145 1650 his
167 1590 281 1663 quidem
302 1591 373 1649 locis
396 1589 493 1647 Livius
514 1593 631 1662 praeter
653 1589 785 1647 Coelium
814 1595 844 1647 et
864 1590 1015 1662 Polybium
1038 1593 1156 1649 tertium
1183 1607 1251 1651 auc-

100 1698 195 1750 torem
218 1689 380 1760 consuluit;
414 1688 489 1748 idem
511 1703 580 1745 vero
602 1689 717 1759 saepius
740 1687 846 1747 factum
868 1705 930 1747 esse
951 1690 1018 1748 libri
1041 1691 1127 1749 XXII
1149 1693 1252 1764 capiti-

100 1790 155 1849 bus
190 1791 313 1848 40-43
349 1789 517 1862 diligentius
550 1788 720 1845 examinatis
741 1789 934 1860 intellegetur.
989 1789 1042 1846 1113
1077 1792 1152 1849 enim
1187 1792 1252 1851 loco

101 1894 206 1948 narrat
227 1889 334 1958 Livius,
367 1886 561 1946 Hannibalem
593 1887 670 1957 apud
692 1888 867 1947 Gereonium
900 1890 999 1961 inopia
1028 1896 1156 1948 coactum
1179 1890 1253 1952 falsa

100 1987 189 2063 fugae
212 1988 307 2062 speeie
330 1989 486 2058 Romanos,
516 1992 548 2044 31
568 1986 708 2058 proelium
728 1988 899 2060 inciperent,
928 1989 1063 2060 pellicere
1085 1997 1253 2064 temptasse,

102 2087 210 2148 deinde
234 2089 344 2147 insidiis
366 2088 488 2160 cognitis
509 2085 582 2143 falsa
603 2087 730 2160 imagine
750 2093 912 2148 castrorum
934 2090 1036 2148 relicta
1068 2091 1097 2147 in
1118 2091 1251 2162 Apuliam

103 2187 263 2260 profectum
296 2203 367 2246 esse.
411 2187 469 2246 Sed
496 2184 580 2244 facile
612 2192 656 2245 est
679 2189 803 2261 cognitu,
838 2187 958 2246 eandem
988 2205 1050 2267 rem
1072 2207 1090 2247 3
1110 2191 1193 2248 Livio
1216 2207 1251 2249 ex

104 2286 215 2344 duobus
236 2286 402 2356 auctoribus
423 2286 542 2358 petitam
563 2285 607 2344 bis
630 2293 777 2346 narratam
800 2303 870 2347 esse.
910 2288 1010 2361 ltaque
1031 2307 1095 2361 cum
1116 2288 1251 2361 Polybius

103 2386 165 2443 eius
186 2386 228 2444 rei
250 2387 424 2444 mentionem
446 2385 561 2445 omnino
584 2403 641 2446 non
663 2384 761 2453 faciat,
783 2393 906 2460 uterque
928 2394 1023 2446 antem
1045 2390 1161 2447 illorum
1184 2404 1252 2447 auc·
1306 2429 1315 2440 .

103 2492 201 2544 torum
220 2485 360 2544 Romanis
388 2483 493 2557 faveat,
525 2485 654 2544 Coelium
683 2485 862 2559 alterumque
890 2489 1061 2560 scriptorem
1090 2487 1252 2547 Romanum

103 2584 188 2641 Livio
211 2586 272 2642 eins
294 2587 336 2643 rei
359 2590 448 2644 testes
470 2584 558 2644 131333
580 2592 711 2657 apparet.
755 2584 813 2644 Sed
827 2591 860 2643 nt
881 2585 942 2656 ipse
963 2586 1081 2652 iudices,
1103 2588 1252 2658 ipsaLivii

79 2683 193 2771 'uerba
217 2699 253 2741 ex
275 2683 401 2742 editione
422 2685 639 2744 Woelffliniana
660 2685 838 2743 adscribam:
931 2674 935 2679 ’

253 2826 316 2886 Liv.
340 2829 495 2887 21313.
817 2829 879 2887 Liv.
903 2830 1053 2886 arta-2
1077 2846 1138 2901 sqq.

145 2946 219 3005 adeo
238 2946 336 3018 inopia
351 2947 648 3006 estcoactnsHauni-
747 2945 787 3003 ibi
823 2946 923 3017 plures
959 2947 1021 3004 dies
1049 2951 1170 3018 propter
1189 2949 1253 3006 ino·

102 3046 651 3121 1131313131ὴί33313333333313
679 3048 682 3127 t
706 3046 783 3118 piam
818 3042 952 3103 frumenti
995 3062 1112 3105 manere
1154 3049 1255 3119 nequit

103 3148 267 3207 abeundum
285 3148 438 3220 timuisset,
461 3147 583 3206 Galliam
604 3164 650 3206 re·
677 3152 834 3247 Ι13333333
877 3147 997 3205 consilia
1034 3149 1065 3204 in
1100 3146 1159 3206 dies
1195 3164 1254 3207 non

103 3250 248 3320 petiturus
269 3245 358 3306 fuerit
379 3248 459 3306 nulla
479 3249 581 3307 relicta
601 3263 652 3318 spe
676 3262 679 3331 ᾗ
704 3246 783 3317 apud
814 3246 918 3304 milites
959 3248 1051 3304 solnm
1083 3249 1185 3306 mixtos
1217 3264 1254 3306 ex
1316 3284 1324 3300 Ι

105 3347 202 3406 alendi
231 3348 374 3406 exercitus
402 3347 494 3406 ineis
523 3347 604 3417 locis,
628 3348 652 3404 si
676 3354 679 3405 t
704 3347 873 3405 conluvione
895 3347 1022 3405 omnium
1043 3349 1179 3420 gentium,
1202 3347 1254 3406 sed

104 3450 288 3519 insequentes
313 3447 447 3506 consules
476 3447 584 3506 eisdem
604 3444 678 3507 ari
707 3445 794 3503 etiarn
826 3447 903 3518 apud
932 3446 1032 3505 ducem
1065 3448 1156 3518 ipsum
1178 3448 1253 3506 orie-

105 3545 183 3605 tibus
206 3546 313 3605 bellum
336 3553 482 3620 gererent.
702 3544 818 3604 bantur.
842 3562 909 3605 nam
931 3548 1090 3606 cuminitio
1113 3545 1253 3618 fremitus,

226 3648 291 3705 Liv.
313 3649 533 3704 nanos-9.
677 3678 679 3693 ι
704 3645 808 3704 deinde
830 3656 933 3718 aperta
962 3646 1131 3706 vociferatio
1153 3647 1255 3706 fuisset

147 3762 183 3804 ne
213 3748 290 3806 unde
319 3752 437 3818 raperet
464 3747 577 3820 quidem
598 3744 651 3818 (sc.
677 3778 679 3783 ·
705 3749 919 3816 exposcentium
933 3747 1110 3818 stipendium
1125 3747 1254 3806 debitum

105 3845 266 3917 Hannibal)
293 3847 444 3919 quicquam
465 3847 567 3919 reliqui
590 3850 654 3904 erat
678 3902 680 3909 ,
705 3847 944 3921 querentiumque
977 3863 1120 3906 annonam
1149 3849 1253 3923 primo,

108 3985 134 4002 ..
149 3950 199 4003 ‚ut
228 3947 276 4003 vix
298 3946 397 4005 decem
427 3947 547 4015 dierum,
577 3945 653 4019 quod
678 3928 682 4047 ¹3
706 3950 853 4014 postremo
867 3945 981 4022 famem,
997 3953 1026 4005 et
1040 3949 1253 4007 mercennarios

106 4053 275 4118 conpertum
291 4052 393 4119 postea
408 4052 460 4121 est,
479 4046 654 4107 frumentum
680 4056 682 4091 i
705 4048 821 4122 milites,
844 4048 967 4106 maxime
985 4048 1107 4120 Hispani
1129 4047 1253 4120 generis,

106 4150 281 4218 superesset,
325 4146 574 4220 Hispanorumque
617 4145 654 4206 ob
680 4154 683 4209 l
707 4149 742 4207 de
764 4146 935 4215 transitione
965 4149 1077 4220 cepisse
1106 4149 1255 4208 consilium
