2708 4628
573 165 711 236 '11

123 380 251 436 21·2·3
280 393 344 436 eam
370 377 476 436 famam
497 381 668 448 aspernatus
697 382 750 448 est,
783 385 812 438 et
839 378 983 437 23·5.12
1019 379 1113 436 Varro
1153 375 1263 434 contio·

22 517 27 523 -
125 494 197 538 nans
217 477 410 538 Hannibalem
431 482 534 551 pontes
555 494 589 537 ac
610 479 699 537 moles
724 496 759 537 ex
789 478 978 537 humanorum
1008 492 1160 550 corporum
1188 480 1266 533 strue

124 577 229 638 fecisse
237 578 260 650 ¹)
283 583 313 637 et
334 577 439 637 milites
460 578 538 636 vesci
558 577 726 650 corporibus
746 578 880 636 humanis
901 577 1030 636 docuisse
1043 569 1072 653 ²)
1097 574 1176 642 dicit,
1197 589 1267 646 qna·

123 694 187 737 rum
209 694 305 738 rerum
317 678 581 737 commenticiarum
604 678 633 736 in
654 677 736 736 libris
756 678 830 736 XXI
852 681 881 736 st
901 677 989 736 XXII
1010 675 1088 735 nulla
1102 675 1210 733 mentio
1223 671 1265 732 fit.

194 936 215 1005 ¹)
233 939 328 989 Florus
346 941 421 989 Μ·
436 941 468 989 18
490 940 667 991 Hannibalem
685 940 712 990 id
731 940 825 991 iecisse
846 945 935 990 narrat
954 938 1024 1005 apud
1043 911 1148 990 Gannss
1169 938 1196 986 in
1216 941 1267 988 tor-

127 1032 202 1076 rente
221 1024 348 1090 vergelli,
372 1027 441 1076 conf.
460 1024 520 1076 Val.
543 1027 614 1079 Max.
633 1027 679 1076 IX.
700 1031 715 1076 2
735 1031 786 1077 sxt.
806 1029 832 1092 2,
852 1027 919 1090 App.
937 1027 1026 1075 Hann.
1046 1027 1078 1074 28
1098 1030 1125 1074 st
1142 1022 1203 1073 Lib.
1223 1025 1265 1082 63,

48 1144 57 1171 s
123 1111 237 1162 Lucisni
257 1108 355 1177 dialog.
373 1117 448 1162 mort.
470 1114 510 1162 12.
547 1113 686 1178 Appianas
704 1110 781 1178 (Oelt.
799 1117 861 1164 tom.
880 1115 899 1161 1.
918 1127 943 1177 p.
963 1109 1042 1178 atlas
1062 1110 1186 1162 editionis
1198 1109 1267 1160 Bak-

122 1194 258 1263 lssrianae)
276 1194 348 1246 idem
364 1189 459 1248 lesisse
477 1199 560 1248 tradit
578 1199 726 1260 Gaesarem,
746 1213 806 1248 aum
824 1197 921 1264 Belgas
941 1197 1091 1247 devicisset.

195 1280 215 1350 ²)
233 1282 314 1349 Apud
341 1283 484 1350 Polybium
512 1284 560 1348 (IX
577 1284 697 1349 ·24·5)
725 1284 862 1336 Hannibal
889 1283 1081 1336 Monomanhus
1113 1281 1268 1349 imperatori

54 1404 58 1409 -
123 1369 272 1420 Hannibali
294 1368 398 1432 suadet,
421 1376 451 1420 ut
471 1371 570 1424 milites
593 1387 671 1422 osma
693 1371 810 1423 hnmana
832 1372 904 1422 vassi
927 1371 1029 1434 doceat,
1053 1369 1099 1422 sed
1125 1370 1268 1434 imperator

125 1456 265 1507 consilium
284 1455 342 1506 eius
360 1461 523 1522 aspernatur.
