2708 4628
603 192 745 283 Α
784 202 787 207 .

110 395 298 464 coniunnissc,
332 394 444 453 Livium
476 394 568 464 ipsum
587 409 635 453 res
662 395 692 453 in
721 397 781 453 tam
803 395 907 455 malum
929 393 1057 452 ordinem
1088 392 1242 466 redegisse.

111 495 276 570 Praeterea
289 494 379 552 multa
399 476 472 565 sunt,
494 509 566 567 quae
587 495 775 567 suspicionem
797 489 929 553 moveant
951 498 980 551 ct
992 492 1109 551 Valerio
1132 491 1243 559 Antimi

110 597 260 655 videantur
280 593 388 653 deberi.
432 594 559 653 Primum
582 610 644 653 eum
663 594 807 655 Hannibal
835 598 865 652 et
893 594 986 668 Scipio
1012 594 1111 666 paucis
1143 591 1242 651 dlebus

109 701 176 756 ante
198 710 332 755 occasum
352 694 544 768 Vergiliarum
566 694 642 766 (Liv.
666 696 703 752 21
717 695 773 755 ·35
786 733 791 745 ·
806 690 837 772 6)
860 695 897 754 ad
911 694 1081 755 Rhodanum
1102 694 1242 769 venerint,

109 799 156 856 vix
177 795 277 856 eodem
300 811 375 855 anno
396 795 447 854 illa
467 797 563 855 omnia
582 797 612 853 in
623 794 765 870 Hispania
784 800 940 871 potuerunt
960 793 1031 865 fieri,
1052 791 1244 870 quaeaLivic

110 902 271 967 narrentur,
294 897 464 971 praesertim
485 913 549 956 enm
580 898 661 955 unius
682 897 778 971 oppidi
805 897 916 957 obsidio
937 901 1028 956 totum
1045 911 1171 955 mensem
1194 891 1243 952 ab·

108 999 262 1072 sumpsisse
288 998 422 1058 tradatur
452 994 592 1071 (21·61·
608 995 665 1070 10).
709 998 820 1057 Deinde
846 997 986 1068 Indibilis,
1016 997 1169 1071 Ilergetum
1197 1010 1243 1053 re·

109 1099 201 1172 gulos
223 1115 308 1171 quem
330 1099 415 1158 etiam
441 1099 601 1172 insequenti
622 1115 698 1158 anno
726 1100 756 1159 in
785 1097 856 1158 fiaes
888 1100 1029 1159 sociorum
1049 1098 1244 1157 Romanorum

107 1201 244 1272 impetum
265 1197 367 1259 fecisse
388 1198 858 1271 11111111111(22·21·2-1)
888 1200 1040 1258 memoriae
1070 1197 1176 1272 prodit,
1207 1197 1243 1256 si·
1264 1212 1267 1217 ·

110 1300 171 1359 mul
193 1316 255 1359 cum
276 1301 417 1359 Hannone
440 1301 615 1363 altomeris
638 1304 736 1374 eaptus
756 1290 868 1377 erat1).
910 1298 1030 1359 Accedit
1041 1299 1116 1373 quod
1136 1297 1244 1357 nullam

108 1400 189 1460 video
211 1417 335 1474 causam,
356 1418 409 1460 cur
430 1401 525 1475 Scipio
547 1400 675 1461 hibernis
702 1402 811 1461 excitus
827 1378 924 1460 'etiam
944 1399 1105 1459 Ausetanos
1125 1414 1242 1472 aggres-

107 1518 153 1563 sus
175 1503 223 1561 111.

191 1599 262 1660 (ium
284 1599 319 1658 de
341 1599 435 1672 rebus,
458 1600 492 1659 de
515 1601 617 1674 quibus
639 1603 700 1676 ipse
721 1602 820 1660 Livius
842 1601 895 1661 sibi
916 1600 1097 1670 contradicit,
1120 1598 1243 1659 difficilis

107 1701 144 1760 sit
166 1700 303 1774 quaestio,
326 1715 344 1758 a
364 1700 513 1772 proposito
534 1707 632 1761 nostro
661 1716 718 1759 non
746 1701 802 1759 erit
829 1700 951 1759 alienum
972 1701 1069 1772 paucis
1091 1716 1242 1777 exponere,

106 1818 179 1874 quae
212 1817 299 1860 resa
330 1799 411 1858 nobis
442 1800 566 1859 nondum
598 1808 836 1862 commemoratae
864 1801 894 1859 in
920 1801 989 1873 ipsis
1022 1800 1102 1859 libris
1121 1800 1193 1859 XXI
1213 1805 1243 1858 et

105 1903 193 1963 XXII
214 1918 310 1961 secum
331 1905 469 1976 pugnent.

188 2003 281 2075 Atque
302 2006 425 2076 primum
446 2005 481 2065 de
503 2001 673 2064 Hannibalis
694 2004 819 2078 pueritia
839 2003 934 2062 Livius
963 2000 1016 2060 sibi
1040 2017 1096 2060 non
1119 2004 1241 2062 constat.

106 2097 648 2181 21·1·4(:P01.3·11·5-7)
679 2103 824 2164 Hannibal
855 2119 956 2162 novem
988 2117 1078 2161 annos
1110 2108 1192 2160 natus
1224 2119 1242 2161 a

105 2209 189 2277 patre
210 2205 239 2260 ln
260 2204 430 2276 Hispaniam
454 2205 518 2264 duci
539 2205 659 2276 uidetur,
683 2207 719 2261 21
735 2240 740 2252 ·
754 2205 811 2261 43.
828 2204 863 2260 15
894 2205 956 2277 ipsc
985 2218 1014 2262 11
1036 2202 1066 2261 11
1093 2203 1240 2274 practorio

104 2305 194 2377 patris
214 2321 304 2377 prope
325 2309 432 2374 natum,
453 2309 530 2364 certe
541 2304 673 2364 eductum
685 2321 744 2363 esse
766 2311 795 2362 et
818 2288 871 2361 30·
883 2306 919 2363 37
933 2329 938 2341 ·
953 2306 970 2361 9
986 2319 1087 2362 novem
1099 2319 1240 2363 annorum

104 2403 186 2461 domo
209 2401 368 2476 profectum
390 2409 455 2477 post
487 2409 596 2464 sertum
628 2410 657 2463 et
688 2406 860 2465 tricesimum
891 2421 996 2464 annum
1018 2403 1139 2463 rediisse
1162 2405 1238 2464 dicit.

105 2501 214 2560 Contra
236 2520 271 2562 ea
292 2507 330 2561 21
344 2535 349 2547 -
363 2507 380 2563 3
394 2509 431 2563 ·2
453 2503 490 2565 ab
512 2504 694 2565 Hasdrubale
715 2506 744 2562 in
767 2504 933 2578 Hispaniam
949 2506 1104 2564 1111111111
1127 2505 1239 2565 vixdum

104 2601 194 2675 pubes
216 2619 306 2677 neque
340 2605 445 2664 diutius
478 2621 563 2679 quam
594 2621 646 2677 per
678 2605 832 2663 triennium
864 2603 918 2664 snb
951 2618 983 2663 eo
1009 2604 1151 2678 stipendia
1170 2603 1240 2665 facit

104 2703 142 2758 21
157 2724 162 2736 ·
175 2705 212 2760 4·
229 2706 275 2764 10.
318 2704 363 2763 De
383 2705 438 2765 hac
458 2723 490 2765 re
512 2707 642 2778 exposuit
663 2703 809 2765 Woelfflin
830 2704 897 2764 Ant.
921 2723 948 2778 p.
973 2707 1105 2764 40-46.

185 2802 259 2862 Item
279 2806 437 2878 pugnantia
456 2806 531 2866 inter
551 2822 581 2865 se
601 2807 691 2866 tradit
712 2804 811 2865 Livius
836 2806 871 2865 de
891 2807 1007 2879 praeda,
1030 2823 1115 2881 quam
1126 2806 1236 2865 Hanni·

105 2898 154 2958 bal
176 2900 295 2974 Sagunti
317 2905 465 2963 invenerit.
509 2905 583 2964 Nam
604 2922 766 2980 quanquam
788 2908 945 2963 21·14·1
969 2906 1077 2967 nobiles
1087 2907 1237 2982 Saguntini
1296 2949 1299 2956 1

104 3001 182 3058 omni
214 3015 284 3058 auro
321 3008 350 3061 et
380 3010 500 3078 argento
529 3007 558 3064 in
584 3008 680 3081 ignom
709 3007 837 3065 coniecto
864 3008 992 3080 plerIque
1018 3012 1106 3066 semet
1133 3009 1187 3081 ipsi
1207 3009 1238 3067 in

104 3101 233 3160 flammas
253 3104 452 3176 praecipitant,
475 3111 504 3166 11
526 3107 597 3167 urbe
612 3113 775 3181 expugnata
796 3108 900 3166 milites
910 3107 946 3166 ab
958 3107 1119 3168 Hannibale
1140 3125 1237 3169 omnes

102 3203 224 3275 puberes
244 3203 405 3264 interficere
426 3206 495 3264 iussi
517 3205 557 3282 (§.
572 3207 601 3281 3)
622 3210 651 3267 in
673 3207 806 3268 caedibus
826 3207 872 3266 vix
893 3208 981 3266 ullum
1001 3209 1106 3267 aetatis
1128 3207 1236 3267 facIunt

103 3305 255 3363 discrimen
278 3304 350 3371 (15·
367 3302 396 3379 1)
421 3305 627 3382 Saguntinique
662 3310 761 3369 inclusi
792 3325 855 3368 eum
887 3308 1051 3383 coniugibus
1083 3307 1236 3380 liberisque

104 3405 157 3474 (14
172 3424 177 3436 ·
191 3403 224 3473 4)
247 3404 345 3462 domos
368 3421 505 3478 superse
527 3408 683 3468 incendunt
705 3413 754 3468 aut
763 3408 877 3468 fortiter
887 3413 1046 3483 pugnantes
1059 3408 1234 3482 occiduntur,

103 3510 197 3563 tamen
223 3505 258 3562 15
274 3522 279 3533 ·
296 3506 373 3585 172
397 3521 455 3565 non
476 3506 561 3567 aliter
582 3526 667 3583 quam
688 3509 764 3583 apud
785 3508 935 3581 Polybium
965 3504 995 3582 (3
1009 3524 1015 3537 ·
1029 3511 1066 3566 17
1078 3530 1083 3543 ·
1098 3507 1147 3583 10)
1169 3509 1236 3570 urbs

101 3607 214 3677 capitur
235 3605 428 3679 ,cum-Ingenti
448 3607 575 3681 praeda‘,
598 3610 744 3670 Hannibal
765 3611 883 3669 multam
895 3612 1004 3668 vestem
1026 3615 1055 3667 et
1076 3611 1233 3684 suppellec-

100 3706 179 3764 tilem
200 3707 357 3779 pretiosam
379 3703 582 3781 Carthaginem
601 3711 697 3782 1111111,
720 3713 845 3783 captivos
857 3711 993 3771 militibus
1005 3711 1155 3783 condonat,
1178 3713 1234 3772 rel·

102 3805 204 3878 1111111
225 3809 349 3881 praedae
370 3807 467 3868 1111111
488 3809 540 3881 (21
555 3833 561 3846 ·
574 3812 630 3869 21·
647 3812 687 3881 1),
718 3813 748 3871 11
769 3813 883 3873 Italiam
911 3812 1090 3886 profecturus
1121 3813 1234 3875 obsides

104 3982 347 3993 ——--—--—.-----

169 4066 190 4133 ¹)
208 4069 263 4119 Pol.
283 4071 309 4118 3·
320 4071 396 4121 itt.
411 4072 470 4122 Liv.
483 4074 606 4147 216111
626 4075 699 4140 „ipse
717 4073 770 4125 dux
789 4090 847 4125 eum
866 4074 962 4143 aliquot
980 4077 1146 4144 principibus
1160 4074 1231 4144 eapi-

100 4154 207 4205 untur“.
246 4156 303 4219 Quo
321 4161 439 4224 tempore
451 4159 578 4212 *Indibilis
596 4162 623 4213 in
641 4160 788 4213 liberatam
807 4162 1000 4226 1111111111111,
1023 4180 1151 4230 nusquam
1163 4183 1234 4220 com·

106 4247 272 4294 memoratur.
309 4244 430 4296 Fortasse
449 4245 502 4297 hue
518 4248 635 4311 pertinet
652 4249 746 4300 Dionis
765 4248 836 4299 Gaas.
853 4249 903 4315 frg.
922 4250 967 4298 bl·
979 4252 1012 4298 44
1030 4249 1140 4318 (Dida).
