2708 4628
630 805 763 890 Carnu
802 810 872 892 IV.

271 989 437 1063 Quicunque
459 992 533 1049 Livii
555 992 637 1051 libris
659 994 733 1053 XXI
753 1001 783 1054 et
804 995 891 1054 XXII
919 997 1083 1056 retexendis
1104 1014 1221 1069 operam
1243 1000 1335 1060 dedc-

185 1094 262 1155 runt,
285 1089 376 1147 multa
399 1107 417 1148 a
438 1089 519 1148 Livio
542 1108 577 1149 ex
598 1092 634 1150 L.
657 1091 748 1151 Goelii
763 1093 912 1169 Antipatri
930 1096 1059 1155 historiis
1082 1097 1117 1155 de
1132 1098 1207 1157 bello
1221 1098 1335 1161 Punico

186 1188 311 1247 secundo
339 1189 443 1248 hausta
471 1206 533 1249 esse
555 1209 611 1251 uno
635 1208 686 1250 ore
708 1194 899 1255 consentiunt.
944 1196 1017 1267 Quin
1040 1198 1128 1255 etiam
1149 1198 1209 1256 solo
1231 1197 1334 1258 Coelio

184 1293 302 1347 auctore
323 1289 437 1347 Livium
468 1290 498 1347 iu
527 1291 571 1349 his
599 1291 680 1349 libris
710 1293 870 1351 scribendis
891 1310 972 1352 usum
994 1312 1057 1354 esse
1078 1294 1237 1355 Boettcher
1259 1313 1333 1358 con-

185 1388 288 1446 tendit.
314 1388 385 1447 .Sed
410 1389 510 1462 quibus
530 1406 698 1463 persuasum
720 1397 764 1450 est
786 1393 873 1451 etiam
894 1393 1046 1466 Polybium
1069 1394 1105 1453 ab
1128 1396 1177 1454 illo
1198 1397 1227 1454 in
1246 1413 1330 1456 usum

183 1503 247 1545 esse
276 1493 417 1558 vocatum,
449 1489 475 1546 ei
505 1487 633 1548 Coelium
663 1493 787 1550 secundo
817 1494 880 1551 loco
912 1501 1030 1565 ponunt,
1062 1511 1127 1552 curn
1155 1498 1331 1567 praesertim

182 1603 292 1658 paucae
313 1570 464 1659 relliquiae
487 1591 581 1661 operis
610 1588 738 1648 Coeliani
767 1597 873 1661 extent,
906 1609 979 1664 quae
1009 1610 1073 1652 cum
1095 1594 1176 1652 Livio
1199 1593 1329 1654 conierri

181 1687 303 1759 possint.
353 1688 408 1746 De'
430 1688 551 1759 ratione,
582 1705 656 1760 quae
688 1691 764 1748 inter
787 1690 916 1750 Coelium
948 1697 978 1751 et
1000 1694 1113 1751 Livium
1150 1695 1329 1779 intercedat²

181 1789 298 1861 egregie
320 1787 455 1846 disseruit
465 1789 648 1847 Hermannns
663 1787 750 1847 Peter
770 1792 800 1847 in
821 1790 897 1848 libro
920 1792 956 1850 de
978 1799 1107 1851 veterum
1122 1794 1330 1854 historicorum

182 1884 380 1945 Romanorum
400 1888 542 1960 relliquiis
564 1886 648 1962 (pag.
671 1888 1057 1964 ccxlii-ccxxxvii);
1091 1894 1136 1950 cui
1159 1910 1222 1951 cum
1243 1909 1330 1965 pror·

179 2003 227 2045 sus
249 1988 391 2045 assentiar
412 2003 505 2058 neque
527 1987 593 2044 novi
615 1988 766 2060 quicquam
788 1988 919 2060 habeam,
948 2006 983 2047 ea
1011 2006 1084 2061 quae
1107 1990 1144 2048 ab
1166 1992 1216 2050 illo
1238 2008 1330 2065 expo·

179 2089 235 2146 sita
257 2091 324 2143 sunt
344 2087 445 2158 paucis
468 2087 653 2158 complectar.

265 2186 379 2246 Coelius
408 2187 497 2258 igitur
525 2202 588 2244 cum
617 2185 745 2246 libertini
773 2187 849 2246 tilius
876 2195 952 2248 essct
975 2197 1004 2249 et
1027 2189 1219 2250 Gracchorum
1242 2190 1329 2253 fami·

94 2272 97 2279 ¹
179 2289 308 2348 liaritate
329 2290 469 2356 uteretur,
494 2303 656 2357 quanquam
676 2288 706 2343 in
728 2304 847 2347 numero
870 2290 1026 2348 amicorum
1041 2291 1182 2364 Scipionis
1203 2293 1328 2352 minoris

180 2405 238 2447 non
261 2388 375 2446 videtur
404 2385 500 2457 fuisse,
532 2392 627 2444 tamen
656 2387 835 2459 principibus
859 2391 928 2448 viris
956 2389 1036 2449 urbis
1058 2390 1169 2450 Romae
1190 2407 1248 2449 non
1271 2391 1329 2452 fuit

179 2489 298 2558 alienus,
327 2488 433 2560 quippe
461 2487 510 2558 qui
539 2501 611 2557 opus
637 2502 731 2557 suum,
765 2489 844 2546 cuius
877 2496 987 2561 septem
1009 2490 1076 2548 libri
1097 2491 1264 2562 laudantur,
1289 2493 1328 2551 ad

179 2586 211 2647 0.
240 2586 380 2657 Laelium,
411 2584 542 2644 Africani
564 2586 681 2643 minoris
708 2584 890 2658 familiarem,
919 2583 1077 2658 miserit¹).
1121 2589 1235 2647 Primus
1263 2589 1326 2650 Ro-

179 2704 328 2747 manorum
350 2688 522 2758 scriptorum
545 2685 659 2744 Coelius
681 2702 729 2745 res
750 2686 895 2747 Romanas
917 2704 974 2745 non
995 2688 1061 2746 iude
1084 2689 1229 2747 aRomuli
1250 2695 1327 2748 tem-

177 2785 297 2858 poribus
321 2786 458 2854 narravit,
479 2785 530 2842 sed
551 2802 707 2857 paucorum
729 2801 871 2844 annorum
893 2787 985 2859 spatio
1015 2803 1046 2845 se
1067 2790 1210 2859 continuit
1231 2787 1325 2848 histo-

177 2887 301 2958 riasque,
325 2901 382 2944 nou
403 2884 522 2943 annales
551 2887 710 2958 composuit
723 2878 758 2957 ²).
802 2886 1008 2944 Circumcisam
1036 2888 1125 2960 Igitur
1155 2891 1184 2944 ot
1205 2885 1324 2946 brevem

178 2987 328 3045 materiam
358 2985 519 3043 accuratius
547 2990 714 3057 persecutus
743 2990 787 3042 est
818 2990 848 3042 et
878 2985 994 3044 uberius
1029 2988 1207 3059 perscripsit,
1245 2989 1326 3059 quod

175 3085 240 3144 fieri
272 3103 331 3144 non
361 3085 512 3157 potuisset,
546 3085 600 3142 nisi
623 3083 788 3156 diligentius
823 3099 907 3155 quam
940 3085 1041 3156 vulgus
1073 3085 1249 3155 scriptorum
1281 3087 1326 3146 eis

174 3186 331 3245 studuisset
351 3184 464 3254 litteris,
488 3183 589 3255 quibus
600 3199 647 3242 res
661 3183 855 3243 Hannibalico
870 3181 947 3242 bello
963 3189 1062 3257 gestae
1076 3182 1324 3244 memorabantur.

175 3285 218 3344 Ac
239 3270 308 3343 vero
328 3285 437 3356 primus
459 3284 655 3342 Romanorum
678 3281 803 3358 Coelius,
833 3299 897 3341 cum
927 3300 975 3343 eas
997 3300 1044 3343 res
1073 3289 1217 3355 narraret,
1248 3301 1325 3357 quae

174 3386 285 3458 aliquot
305 3383 451 3442 decenniis
481 3390 547 3442 ante
577 3384 672 3455 ipsum
698 3388 797 3455 gestae
819 3390 924 3460 essent,
955 3400 1003 3443 eos
1032 3390 1165 3443 auctores
1188 3400 1245 3441 non
1269 3400 1324 3443 ne-

174 3486 274 3560 glexit,
304 3486 352 3556 qni
383 3482 419 3541 ab
450 3481 576 3541 hostium
597 3488 682 3555 parte
703 3481 829 3553 stabant,
857 3485 900 3542 ita
922 3489 1017 3541 tamen
1038 3489 1072 3540 ut
1093 3500 1136 3554 ea,
1167 3500 1239 3556 quae
1262 3485 1323 3543 Ro·

174 3600 324 3645 manorum
356 3584 468 3642 animos
498 3582 642 3642 offensura
664 3588 767 3649 essent,
790 3599 847 3641 uon
869 3584 1038 3657 attingeret,
1078 3583 1179 3655 Itaque
1201 3582 1325 3643 ducibus

172 3700 239 3744 usus
265 3687 308 3741 est
336 3684 442 3749 Sileno,
470 3682 572 3754 Fabio,
614 3681 734 3754 Catone,
767 3683 864 3741 Ennio
894 3687 989 3756 poeta,
1021 3699 1106 3754 quem
1135 3696 1192 3738 non
1226 3682 1322 3741 solum

107 3806 112 3814 ·
172 3799 270 3842 rerum
291 3789 436 3857 gestarum
461 3787 618 3852 auctorem,
641 3781 693 3840 sed
707 3784 794 3841 etiam
808 3784 838 3841 in
853 3782 947 3840 verbis
962 3781 1129 3854 diligentins
1145 3780 1323 3853 quaerendis

172 3916 421 3925 ———--—---—

242 3973 263 4038 ¹)
281 3974 322 4024 De
341 3988 372 4023 ea
390 3987 419 4022 re
437 3974 470 4022 ei.
490 3973 524 4023 H.
542 3973 620 4023 Peter
638 3988 663 4038 p.
683 3970 814 4022 CCXVII.
834 3988 859 4021 n.
879 3972 904 4020 1.

241 4056 261 4125 ²)
279 4059 422 4111 Annalium
440 4064 528 4110 tamen
547 4060 654 4111 nomine
673 4057 707 4107 ad
725 4057 807 4108 libros
827 4057 911 4109 Coelii
936 4055 1127 4122 algnificandos
1149 4054 1232 4104 utitur
1250 4069 1323 4106 unus

170 4144 275 4196 Nonius
291 4146 367 4210 inque
387 4149 549 4196 constanter.
