2708 4628
599 192 746 281 A

101 388 262 463 Aegattbus
283 387 395 460 insulis;
420 402 511 461 neque
538 368 635 449 Hiero⁴
649 387 807 447 laudandus
828 393 899 461 erat,
924 391 948 448 si
971 389 1092 451 Aemilio
1113 392 1242 463 praetori
1313 420 1316 425 ·

102 489 173 549 nihil
194 493 312 562 praeter
332 489 444 547 litteras
467 489 593 559 miserat,
622 488 685 561 ipse
715 504 779 547 eum
805 489 894 549 classe
916 506 969 548 sua
989 492 1139 551 Messanae
1160 508 1239 551 man·

102 596 206 649 serat.
231 587 387 650 Praeterea
408 593 436 647 et
459 590 495 645 21
510 607 516 620 ·
530 589 568 645 51
583 590 620 647 ·2
643 590 803 650 narrationi
824 589 995 665 valerianae
1023 591 1123 649 similis
1146 597 1190 650 est
1212 600 1241 650 61
1331 604 1333 608 “

100 705 198 765 pugna
220 690 327 748 navalis
343 691 380 746 21
396 709 402 721 ·
414 691 453 747 49
466 709 472 722 ·
485 689 504 746 8
525 705 585 761 sqq.
607 687 706 748 eodem
722 687 781 749 1616
793 690 878 749 modo
890 689 1062 750 describitur
1075 707 1130 764 quo
1144 708 1241 765 pugna

101 791 131 849 in
151 792 225 850 ostio
245 788 348 848 Hiberi
369 789 520 848 commissa
542 791 600 846 22·
616 792 652 848 19
667 792 704 846 ·6
728 805 905 875 666.,611611
926 807 962 848 ex
983 790 1099 849 Valerio
1122 782 1240 863 petitdm

102 907 165 951 esse
184 895 263 949 recte
284 889 391 947 iudicat
411 882 604 962 Woelfflin¹).
647 890 767 949 Accedit
788 891 863 964 quod
895 895 925 950 et
953 907 970 949 a
991 890 1100 962 Melita,
1130 908 1202 965 quae
1223 909 1241 950 a

102 991 240 1064 Lilybaeo
262 989 361 1049 eodem
392 986 453 1047 fere
485 990 576 1062 spatio
608 1006 663 1062 quo
686 990 832 1065 Carthago
859 989 995 1061 distabat,
1027 989 1240 1075 aOarthagine

102 1091 231 1164 longiore
253 1107 337 1164 quam
358 1088 536 1162 Lilybaeum,
559 1089 631 1148 nihil
651 1091 792 1172 Romanis·
808 1090 963 1149 timendum
985 1094 1047 1148 erat
1068 1095 1098 1149 et
1118 1090 1238 1151 classem

102 1207 214 1263 quoque
236 1191 397 1249 Romanam
417 1188 576 1249 Ariminum
597 1191 716 1262 venisse,
746 1206 803 1248 non
832 1191 921 1249 solum
943 1194 1107 1263 terrestres,
1131 1193 1235 1267 copias,

102 1295 259 1363 propterea
280 1290 432 1348 verisimile
453 1305 509 1348 non
532 1296 584 1362 661,
614 1289 690 1362 quod
711 1288 856 1348 Hannibal
884 1289 977 1348 nullas
999 1306 1086 1349 naves
1103 1290 1238 1350 habebat.

185 1391 408 1450 1111157-59
431 1391 467 1450 de
489 1389 575 1449 rebus
597 1391 689 1462 prima
709 1389 777 1448 belli
791 1389 973 1448 Hannibalici
994 1390 1088 1449 hieme
1110 1391 1198 1464 gestis
1209 1385 1238 1465 ²)

103 1492 206 1563 agitur,
230 1509 349 1570 quarum
370 1489 505 1564 Polybius
536 1497 568 1551 ut
600 1493 692 1550 minus
726 1491 855 1564 gravium
888 1491 1060 1556 mentionem
1083 1508 1140 1550 non
1161 1490 1239 1552 facit.

104 1591 185 1663 Quae
206 1593 302 1650 Livius
324 1593 424 1660 tradit,
445 1609 480 1651 66
501 1592 649 1664 aliquanto
670 1590 746 1650 cultra
768 1606 865 1649 uerum
890 1597 975 1650 aucta
996 1604 1059 1650 esse
1080 1580 1238 1666 censemus,

102 1693 207 1750 hausta
230 1695 325 1750 autem
347 1707 406 1751 esse
430 1708 465 1750 ex
486 1689 596 1750 duobus
612 1689 738 1751 fontibus
754 1678 929 1765 suspicamur
942 1696 1063 1764 propter
1083 1694 1239 1760 2·l·57·4,
1259 1726 1265 1751 ‚1

103 1792 154 1850 ubi
175 1792 272 1850 Livius
305 1793 383 1865 ‚hae‚
415 1793 517 1865 inquit,
550 1791 631 1851 fuere
660 1792 796 1851 hibernae
824 1790 1020 1865 expeditiones
1047 1791 1236 1865 Hannibalis,

103 1894 185 1966 quasi
205 1910 262 1953 non
284 1895 342 1954 alia
364 1894 507 1966 expeditio
539 1894 661 1953 hiberna
687 1899 823 1952 narretur
842 1894 873 1951 in
896 1907 958 1964 cap.
982 1893 1032 1951 59.
1074 1891 1239 1965 06611657
1309 1972 1314 1981 Ι

103 2000 134 2053 61
157 1992 312 2053 58066116
334 1994 591 2066 videnturdeberi‚
615 1995 654 2052 59
677 1994 800 2054 Valerio.
843 1993 918 2053 Illud
947 1994 1024 2054 haud
1046 1993 1164 2054 dubium
1184 2001 1238 2071 est,

104 2092 134 2151 id
155 2095 305 2170 proelium,
329 2095 405 2166 quod
425 2095 454 2153 in
474 2111 537 2168 cap.
554 2096 751 2169 5966116161,
774 2095 954 2169 impudenter
968 2091 1066 2155 fictum
1078 2111 1158 2181 esse.
1176 2095 1239 2154 Pri·

104 2209 183 2252 mum
204 2195 280 2253 enim
301 2195 407 2253 nullam
428 2194 510 2254 video
532 2213 655 2271 causam,
679 2215 730 2256 cur
751 2197 904 2265 Hannibal,
937 2203 984 2273 qui
1013 2216 1075 2257 eum
1109 2193 1239 2258 omnibus

105 2294 195 2367 copiis
217 2295 254 2353 ad
275 2294 453 2378 Placentiam
476 2303 570 2355 castra
591 2298 723 2356 movisset
745 2300 786 2368 (e.
809 2302 847 2358 59
860 2326 866 2337 ·
879 2302 903 2369 §-
929 2297 972 2379 1),
996 2306 1113 2374 postero
1135 2300 1182 2358 die
1204 2316 1240 2357 ne

105 2395 251 2455 dimidiam
273 2395 386 2467 quidem
407 2401 519 2469 partem
541 2413 640 2456 earum
663 2398 799 2457 adversus
824 2400 935 2460 hostem
963 2401 1085 2459 duxerit.
1127 2399 1239 2458 Deinde

106 2497 235 2570 ineptum
256 2501 307 2568 est,
330 2493 441 2575 quodp.
465 2498 544 2554 4-5
567 2497 695 2574 legimus,
717 2497 919 2573 Hannibalern,
936 2500 1082 2560 cumduos
1096 2500 1239 2559 exercitus

107 2599 270 2656 consulares
291 2597 329 2657 ad
353 2594 488 2657 Trebiam
502 2598 618 2657 vicisset
632 2615 786 2671 eorumque
800 2602 937 2660 maiorem
952 2612 1063 2674 partem
1079 2601 1239 2671 occidisset,

106 2712 124 2754 a
145 2697 205 2756 solo
228 2697 397 2772 Sempronio
419 2700 504 2758 nullis
525 2701 606 2759 novis
627 2702 739 2761 auxiliis
760 2702 858 2762 adiuta
879 2705 908 2762 in
931 2704 989 2763 suis
1012 2705 1112 2763 castris
1132 2721 1240 2778 oppug-
1292 2738 1297 2748 ·

107 2801 204 2855 natum
227 2813 299 2857 esse.
342 2799 442 2872 ltaque
464 2799 539 2859 idem
560 2804 667 2873 auctor,
691 2804 739 2875 qui
755 2804 957 2878 Sempronium
980 2805 1109 2878 Melitam
1132 2807 1241 2877 cepisse

107 2893 200 2963 finxit,
224 2901 310 2958 etiam
333 2901 387 2958 hoc
409 2901 548 2973 proelium
571 2902 683 2962 videtur
694 2904 843 2962 ementitus
865 2921 938 2978 esse,
960 2903 1084 2965 fortasse
1106 2909 1138 2963 ut
1156 2913 1202 2977 re's
1224 2921 1241 2962 a

108 2997 274 3072 Sempronio
297 3005 391 3073 gestas
412 3003 541 3075 augendo
564 3002 725 3076 Scipionum
745 3005 866 3078 gloriam
887 3007 1026 3065 minueret
1050 3003 1070 3082 ).

191 3100 326 3174 Prodigia
346 3118 364 3159 a
384 3103 466 3160 Livio
499 3107 528 3162 et
549 3104 637 3162 XXI·
652 3105 690 3161 62
712 3109 742 3162 61
763 3105 895 3163 xxii-1
931 3123 966 3169 eu
999 3105 1097 3167 Coelio
1127 3112 1242 3180 sumpta

108 3215 171 3257 esse
199 3200 306 3258 iudicat
327 3201 471 3261 Woelfflin
502 3197 583 3279 (Ant.
605 3223 633 3277 p.
658 3205 728 3277 75);
760 3221 795 3263 ex
825 3206 925 3266 eodem
952 3207 1086 3267 videntur
1114 3205 1240 3281 fluxisse,

108 3315 181 3371 quae
202 3300 291 3358 XXI·
305 3301 342 3357 63
365 3301 400 3360 de
421 3301 563 3362 Flaminio
585 3309 748 3364 narrantur.
1169 3306 1173 3311 ’

109 3456 245 3468 ww·—
254 3459 354 3467 ouo—-

177 3523 198 3592 1)
217 3527 245 3574 in
262 3525 378 3578 Hermae
405 3528 457 3578 vol.
486 3529 524 3579 lX
548 3545 574 3596 p.
604 3534 660 3582 126.
687 3531 859 3598 Specularum
886 3535 983 3585 mentio
1010 3539 1035 3584 et
1061 3535 1197 3585 21·49·8
1216 3541 1242 3587 61

106 3613 155 3660 22·
168 3613 241 3662 lae
260 3618 287 3663 61
304 3616 336 3665 23
348 3639 354 3652 ·
365 3617 442 3665 27·4
460 3617 493 3666 ab
512 3616 603 3667 codem
620 3621 728 3670 auctore
747 3620 851 3671 videtur
868 3622 983 3687 prolecta
1001 3636 1067 3672 esse.
1143 3634 1148 3644 ·

178 3695 199 3763 ³)
218 3699 259 3749 De
281 3701 318 3751 eis
330 3700 479 3768 diligenter
503 3704 683 3770 sagaciterque
710 3705 835 3780 disseruit
854 3709 886 3759 0.
905 3709 990 3760 Seeck
1010 3710 1038 3759 in
1057 3709 1170 3760 Hermae
1188 3712 1240 3760 vol.

108 3782 181 3833 VllI.
201 3799 260 3851 pag.
282 3788 405 3839 rea-tt.
443 3789 566 3857 Neglcxit
583 3795 670 3841 tamen
688 3794 772 3845 verba
789 3794 861 3845 Livii
879 3798 908 3845 21
922 3819 928 3832 ·
940 3795 972 3846 67
984 3798 1019 3844 ·4
1038 3796 1169 3859 „comitiis
1182 3811 1243 3848 eon·

106 3870 239 3924 sularibus
263 3872 360 3926 habitis
384 3877 412 3927 in
437 3877 548 3929 hiberna
566 3876 670 3944 rediit“‚
698 3895 758 3930 eum
776 3896 836 3948 pag.
857 3883 904 3932 156
923 3881 1073 3948 Scipionem
1092 3882 1161 3948 apud
1180 3883 1239 3933 Pla·

108 3958 221 4010 centiam
241 3975 301 4012 cum
319 3961 472 4014 Hannibale
490 3979 620 4030 pugnasse
639 3966 775 4018 scriberet.

177 4043 198 4114 ³)
218 4048 350 4098 Valerium
369 4049 520 4117 Scipionum
544 4051 636 4102 laudes
660 4053 838 4103 maledicendo
864 4053 1050 4106 detrectavisse
1077 4056 1242 4123 intellegitur

108 4149 142 4183 ex
161 4131 230 4184 (1611.
253 4134 290 4184 Vl
314 4133 376 4201 (llll
395 4135 436 4186 ed.
455 4136 557 4203 Herta.)
583 4140 635 4188 8·6
659 4138 765 4206 (fragm.
785 4138 901 4207 asra.)
920 4147 946 4191 et
965 4143 1015 4193 Vll
1033 4141 1093 4210 (VI)
1113 4145 1181 4195 19·8
1199 4143 1243 4211 (cf.

108 4221 165 4270 Pet.
183 4226 235 4273 vet.
252 4222 315 4272 bist.
333 4222 362 4270 R.
383 4223 439 4272 1611.
460 4239 486 4289 p.
504 4222 575 4291 266).

1040 4304 1058 4360 4
