2708 4628
658 228 696 283 32

109 421 220 490 „eooios
258 418 452 496 Latinumque
483 419 607 482 nomen“
640 429 670 482 61
702 426 831 485 2221·
849 430 883 485 11
921 432 1048 497 „socium
1086 436 1118 491 et
1151 435 1252 494 Latini

105 521 228 578 nominis
260 521 383 580 auxilia“
415 524 660 581 commemoravit.
705 525 785 596 uuae
805 541 870 585 oum
891 529 932 587 ita
953 531 1020 605 sint,
1053 546 1148 604 neque
1169 534 1251 593 Viel-
1282 538 1286 545 '

105 618 213 677 habero
227 618 250 690 ¹)
272 621 424 691 assentior,
447 623 495 695 qui
507 622 584 695 apud
595 623 707 681 Livium
722 624 856 684 auxiliaa
869 627 954 684 soeiis
975 643 1091 703 semper
1111 635 1252 689 eoeurate

106 716 243 791 distingui
277 734 434 792 eorumque
466 721 495 779 in
527 719 609 779 libris
631 720 704 779 XXI
724 725 754 779 et
774 721 861 781 ΧΧΠ
896 741 963 784 raro
985 730 1160 788 mentionem
1182 728 1250 788 fieri

104 817 183 891 dieit,
212 835 305 891 neque
326 819 494 880 Boettcheri
514 822 679 893 opinionem
702 821 802 893 probo,
832 824 880 894 qni
903 821 943 895 (p.
966 822 1040 899 425)
1062 825 1151 885 verba
1171 827 1250 889 Livii

103 916 161 971 22·
177 920 262 975 19·4
285 923 425 992 „propter
445 920 592 992 ingentem
614 917 720 979 famam
742 919 879 980 novorum
902 923 1093 983 auxiliornm“
1122 941 1159 983 ex
1182 925 1248 986 Pol.

104 1016 140 1073 3·
155 1016 242 1072 95·5
279 1005 430 1080 „abeodem
457 1005 497 1076 τό
518 1014 652 1092 πλῆθος
674 1016 738 1078 τῶν
761 1008 950 1095 deodatum
983 1024 1092 1083 hauriri
1119 1027 1249 1097 potuisse

103 1121 197 1188 negat.

186 1215 317 1287 Denique
345 1231 410 1272 eum
432 1215 569 1288 Polybius
596 1217 741 1276 interdum
768 1219 809 1277 ite
837 1236 884 1278 res
912 1236 1033 1279 narrare
1062 1227 1092 1280 et
1118 1223 1251 1282 homines

102 1309 265 1370 describere
294 1314 365 1371 satis
391 1314 535 1387 habuerit,
563 1320 595 1374 ut
622 1319 737 1375 nomina
759 1318 938 1391 neglegeret,
971 1320 1071 1378 Livius
1093 1339 1129 1379 ex
1152 1320 1249 1380 altero

103 1410 182 1470 fonte
203 1413 253 1471 illa
274 1413 394 1488 addidit,
417 1416 494 1473 velut

256 1513 493 1572 P01.3·4o·14
671 1513 673 1601 ζ
850 1516 1094 1575 arvoree-2

143 1599 286 1686 ἡγεμόνα
319 1600 537 1684 συστήσαντες
569 1604 673 1687 ἑξσι-ἱ
739 1613 770 1675 0.
792 1616 911 1676 Atilium
930 1623 1106 1690 praetorem,

104 1707 248 1770 πέλεκυν.

267 1813 330 1871 Pol.
354 1813 470 1870 3·42·1
613 1835 617 1842 ·
844 1813 909 1871 Liv.
933 1815 1092 1872 alne-o

144 1906 331 1990 προσμίξας
371 1916 445 1978 τοῖς
480 1910 552 1991 περὶ
589 1899 647 1972 τὸν
739 1912 1248 1987 inVolearnmperveneratagrum.

101 2002 251 2087 ποταμόν
272 2001 397 2085 τόποις.

260 2112 323 2172 Pol.
346 2116 486 2172 3·49·8
670 2012 674 2201 Ι
843 2113 904 2170 Liv.
927 2113 1088 2171 21·31·6

143 2211 368 2287 ἐπισπωμένου
401 2208 464 2272 wo
500 2207 643 2292 πρεσβυ-
671 2212 673 2277 !
739 2212 838 2281 maior,
861 2212 991 2272 Braneus
1013 2213 1135 2271 nomine.

101 2307 212 2390 τέρου.
670 2280 673 2393 1

264 2412 329 2472 'Pol
352 2415 477 2472 eoo-1
670 2402 673 2495 i
852 2408 914 2466 Liu.
937 2409 1084 2465 21·48·9

143 2502 268 2590 ἀνδρὸς
290 2507 520 2587 Βρεντεσίνοπ,
739 2511 828 2568 Dasio
851 2508 1033 2567 Brundisino.

256 2614 319 2672 Pol.
343 2615 378 2670 3·
393 2617 479 2673 78·ss
671 2606 673 2637 ²
861 2609 924 2666 Liu.
943 2608 1068 2665 22·2·2

143 2702 206 2773 ὃισὶ
226 2730 323 2772 τινων
344 2710 433 2774 ἑλῶν.
738 2727 791 2786 per
804 2706 931 2782 paludes,
954 2724 1010 2781 qua
1035 2702 1136 2765 fluvius
1149 2706 1248 2766 Amne

700 2856 707 2870 .
725 2857 731 2871 .
749 2855 755 2870 .
771 2809 970 2870 inundaverat.

261 2910 322 2972 Pol.
346 2913 485 2973 3·84·6
863 2909 926 2969 Liv.
949 2910 1075 2967 reo-3

141 3009 228 3079 τινὲς
250 3009 314 3071 τῶν
336 3006 481 3074 Κελτῶν.
591 3082 595 3089 ,
739 3011 858 3070 Insuber
877 3026 966 3080 eques
989 3039 1027 3051 -
1050 3009 1177 3067 Duoario
1192 3021 1245 3065 no-

698 3129 763 3170 men
784 3117 856 3170 erat.

182 3210 246 3270 Hoo
273 3209 333 3271 fere
361 3212 447 3272 modo
467 3213 564 3274 Livius
594 3213 683 3274 verbu
705 3211 818 3287 Polybii
846 3211 952 3285 partim
981 3209 1111 3268 consulto
1134 3208 1245 3279 partim

99 3311 219 3375 fortuito
240 3311 325 3386 idque
347 3311 425 3372 haud
445 3313 548 3373 leviter
568 3314 697 3373 mutavit.
740 3313 867 3373 Maxime
889 3315 986 3370 autem
1002 3306 1151 3380 Polybium
1173 3322 1245 3365 oon·

100 3413 188 3471 suluit
208 3413 244 3470 de
267 3414 308 3470 eis
318 3409 426 3487 rebus,
450 3429 522 3486 quae
544 3413 580 3472 ad
594 3429 704 3487 pugnas
719 3413 950 3483 exercituumque
965 3410 1071 3468 itinera
1086 3407 1244 3481 pertinent.

99 3513 208 3585 ltaque,
235 3517 267 3569 ut
295 3513 407 3571 minora
437 3513 579 3586 quaedam
602 3514 738 3586 omittam,
768 3512 824 3572 hae
851 3510 913 3570 fere
943 3510 1083 3569 librorum
1112 3508 1184 3567 XXI
1213 3513 1246 3566 61

99 3596 187 3672 ΧΧΪΙ
210 3617 308 3685 partes
330 3615 491 3672 summatim
513 3629 576 3671 oum
599 3615 685 3672 tertio
707 3612 820 3686 Polybii
840 3611 913 3671 libro
936 3611 1090 3671 concinunt
1103 3602 1141 3678 ²).

181 3713 294 3771 XXI·5
328 3715 440 3785 primae
473 3704 642 3772 Hannibalis
676 3711 875 3786 expeditiones
909 3715 1085 3771 enarrantur·
1118 3722 1241 3780 prorsus

98 3812 182 3871 simili
210 3812 295 3870 modo
322 3819 408 3885 atque
434 3811 510 3886 apud
538 3811 601 3871 Pol.
631 3811 827 3871 illle-14.
878 3811 958 3882 Quue
990 3826 1048 3869 una
1081 3813 1127 3867 est
1152 3808 1243 3880 paulo

98 3911 214 3985 gravior
236 3911 431 3985 discrepantia
453 3911 487 3970 de
510 3913 624 3972 nomine
645 3911 724 3971 urbis
743 3910 891 3980 Olcadum,
914 3927 999 3983 qnam
1022 3909 1123 3968 Liuius
1145 3904 1187 3982 (ἓ.
1209 3909 1244 3983 4)

101 4071 348 4079 --.--—---——..

171 4153 287 4221 'Jeme
307 4155 368 4207 biv.
385 4156 406 4207 1.
426 4170 453 4220 p.
473 4156 515 4206 39.
532 4173 559 4207 n.
579 4158 620 4210 17.

170 4237 190 4307 ²)
210 4240 251 4291 De
270 4257 299 4291 ea
319 4257 347 4292 re
365 4248 487 4294 accurate
505 4243 630 4294 disseruit
649 4241 678 4293 C.
698 4243 783 4293 Peter.
