2708 4628
602 173 749 261 —43—
840 206 843 211 .

180 366 602 442 ValeriumigiturAntiatem,
626 364 894 443 Sullae-aequalem,
917 366 967 438 qni
977 365 1125 424 minimum
1135 367 1250 426 LXXV

100 467 247 525 anemium
267 465 357 525 libros
378 466 545 539 reliquerat,
567 464 680 523 aLivio
701 465 732 522 in
753 464 835 523 libris
850 465 923 523 XXI
943 469 973 524 et
994 465 1081 524 XXII
1101 467 1131 524 in
1162 483 1250 525 usom

100 570 232 624 vocatum
264 581 326 624 esse
349 567 458 637 primus
480 565 639 636 suspicatus
660 568 704 622 est
722 564 861 637 Vollmer,
891 565 939 638 qui
961 562 1148 640 omniafere,
1173 581 1250 639 quae

99 665 206 722 inillis
235 664 316 723 libris
353 670 475 737 propter
504 668 670 722 accuratam
698 665 830 721 notitiam
857 678 957 721 rerum
984 665 1183 724 Romanarum
1215 682 1251 724 ex

82 765 230 823 Romano
262 767 381 821 auctore
413 762 564 821 videantur
591 760 723 835 profecta
745 779 815 834 esse,
848 763 928 821 uelut
948 781 997 822 res
1019 764 1153 832 urbanas,
1178 782 1251 837 pro·

100 864 187 936 digia,
222 863 395 921 dIctaturam
431 862 523 932 Fabii,
560 860 675 920 Valerio
712 862 810 920 deberi
838 863 957 923 iudicat.
994 861 1113 923 'Deinde
1145 864 1250 924 Herm.

100 961 291 1022 Hesselbarth
304 958 326 1037 ι)
338 966 368 1018 et
382 959 530 1020 Woelfflin
540 953 566 1033 ²)
578 962 607 1018 in
618 961 699 1020 libris
711 963 833 1019 21-24
850 977 943 1034 pauca
957 979 993 1021 ex
1004 964 1121 1022 Valerio
1141 963 1252 1024 hausta

100 1077 164 1120 esse
184 1065 365 1120 monuerunt.

185 1160 256 1219 Cum
277 1159 391 1231 Polybii
421 1157 527 1216 librum
560 1163 652 1218 totum
689 1157 836 1230 duellique
864 1160 973 1234 aliquot
1003 1161 1149 1232 relliquias
1186 1179 1250 1222 cum

100 1261 175 1320 Livii
196 1259 277 1317 libris
299 1259 372 1316 XXI
394 1264 424 1316 et
443 1255 531 1315 XXII
545 1259 677 1317 conferre
695 1257 778 1316 nobis
793 1259 916 1327 licuerit,
938 1259 1059 1326 Valerii,
1081 1276 1249 1333 quanquam

106 1375 124 1417 a
142 1360 226 1419 Livio
248 1359 278 1416 in
299 1359 340 1417 eis
362 1357 452 1426 libris,
476 1358 525 1429 qui
546 1358 583 1415 ad
604 1364 731 1417 nostram
747 1362 870 1416 aetatem
887 1363 1091 1429 pervenerunt,
1113 1358 1138 1415 is
1152 1362 1254 1420 tricies

108 1459 256 1531 quinquies
288 1459 460 1528 nominatur,
494 1457 604 1515 nullum
636 1462 717 1515 extat
747 1455 950 1539 fragmentum,
985 1458 1061 1530 quod
1082 1459 1120 1516 ad
1139 1462 1254 1531 primos

107 1559 176 1618 belli
197 1557 380 1615 HannIbalici
414 1572 504 1615 annos
535 1557 688 1629 pertineat.
731 1557 833 1627 ltaque
865 1556 1013 1615 videamus
1043 1573 1161 1617 necesse
1196 1564 1251 1631 est,

109 1674 183 1731 qnae
205 1657 381 1714 narrationis
403 1656 575 1713 Valerianae
596 1652 704 1713 fuerint
725 1657 845 1727 propria
868 1671 997 1728 quaeque
1020 1659 1047 1714 ei
1067 1657 1173 1716 similia
1194 1660 1257 1716 sint

106 1760 136 1816 in
158 1756 268 1816 duobus
288 1756 344 1813 illis
366 1754 442 1812 Livii
462 1752 553 1812 libris.

188 1856 321 1915 Valerius
353 1854 443 1928 igitur
476 1858 571 1912 certos
603 1869 638 1911 ac
659 1850 791 1912 definitos
813 1871 948 1913 numeros
971 1854 1107 1915 exhibere
1128 1857 1252 1929 solebat,

106 1959 155 2029 qui
176 1959 235 2015 iam
256 1955 382 2025 antiquis
404 1952 535 2012 difficiles
555 1952 593 2010 ad
627 1952 711 2010 fidem
743 1955 796 2011 visi
829 1960 911 2024 sunt3
944 1956 1022 2013 velut
1050 1957 1080 2013 in
1102 1954 1209 2030 fragm.
1235 1957 1253 2014 3

106 2056 194 2129 (apud
216 2049 367 2128 Peterum)
403 2054 463 2110 527
486 2052 607 2111 Sabiona
639 2057 737 2125 raptas
769 2068 833 2122 esse
866 2055 953 2125 dicit3

189 2157 219 2214 in
241 2154 278 2213 fr.
302 2155 401 2211 7-9:
425 2154 455 2210 in
477 2152 609 2224 sepulcro
633 2151 744 2210 Numae
764 2154 842 2226 regis
874 2155 956 2212 simul
986 2172 1050 2213 cum
1070 2159 1133 2230 ipso
1154 2156 1256 2215 Numa

106 2255 237 2315 conditos
260 2269 321 2312 esse
342 2252 433 2310 libros
455 2251 605 2310 duodecim
626 2250 805 2324 pontificales
827 2254 955 2327 Latinos,
978 2255 1099 2313 totidem
1122 2255 1255 2315 Graecos

105 2359 263 2428 praecepta
284 2350 478 2424 philosophiae
499 2350 711 2422 Pythagoricae
732 2354 910 2412 continentes
925 2349 966 2431 Ἲς

86 2522 88 2528 y
193 2455 223 2511 in
245 2449 283 2509 fr.
305 2453 362 2510 43:
385 2449 487 2509 Cretes
510 2449 669 2509 reddIdisse
691 2452 870 2523 captivorum
891 2455 972 2511 milia
993 2460 1165 2527 quattuor,

195 2554 224 2611 in
253 2551 290 2611 fr.
315 2553 352 2609 45
383 2548 422 2623 (p.
445 2551 506 2608 266
528 2551 601 2618 Pet,
629 2550 691 2608 Liv.
720 2551 894 2624 38·55·6);
919 2570 974 2625 quo
995 2555 1173 2614 commodior
1194 2570 1256 2627 pax

106 2652 249 2711 Antiocho
261 2653 390 2719 daretur,
412 2650 447 2708 L.
471 2650 632 2722 Scipionem
653 2665 704 2707 sex
725 2651 805 2710 milia
826 2652 923 2725 pondo
944 2655 1016 2725 anri,
1039 2653 1256 2726 quadringenta

106 2752 255 2825 octoginta
282 2751 399 2824 argenti
428 2749 492 2820 plns
520 2750 674 2821 accepisse,
706 2766 791 2820 quam
816 2753 845 2808 in
867 2753 1013 2810 aerarium
1036 2753 1193 2825 rettulerit,
1217 2752 1254 2812 A.

9 2831 12 2842 ¹
107 2853 264 2911 Hostilium
279 2852 428 2924 octoginta
442 2849 538 2920 pondo
548 2850 626 2920 auri,
641 2849 755 2932 argenti
770 2848 978 2923 quadringenta
993 2853 1060 2928 tria,
1083 2851 1115 2910 G.
1131 2853 1256 2911 Furium

110 2955 173 3013 auri
193 2951 290 3024 pondo
311 2955 425 3009 centum
446 2950 575 3022 triginta,
598 2951 711 3021 argenti
732 2949 864 3007 ducenta.

187 3053 218 3109 in
241 3048 275 3109 ir.
299 3052 354 3107 47:
388 3065 416 3108 a.
442 3051 501 3107 184
525 3065 552 3106 a.
576 3047 645 3106 Ghr.
674 3048 803 3107 veneficii
832 3049 968 3107 damnata
996 3066 1059 3108 esse
1087 3050 1143 3108 duo
1171 3050 1255 3109 niilia

105 3152 261 3210 hominum.

190 3247 351 3321 Praecipue
372 3249 401 3306 io
423 3248 528 3319 pugnis
550 3244 744 3305 describendis
760 3248 892 3306 ValerIns
913 3249 1000 3306 certis
1014 3247 1140 3306 numeris
1155 3249 1255 3318 eisque

106 3350 290 3422 impudenter
300 3349 393 3406 auctis
405 3345 585 3416 adfirmabat,
605 3348 674 3416 quot
684 3343 813 3404 homines
823 3347 1028 3420 pugnavissent
1038 3347 1083 3404 vel
1097 3346 1174 3403 caesi
1184 3361 1256 3420 cap·

105 3452 163 3509 tive
185 3454 289 3519 essent,
312 3453 381 3520 quot
411 3449 486 3519 equi,
519 3449 589 3518 quot
610 3445 783 3519 scorpiones,
812 3453 882 3519 quot
904 3446 987 3519 signa
1009 3445 1154 3516 militaria,
1183 3453 1255 3517 quot

105 3553 245 3620 carpenta
275 3553 362 3619 capta
393 3550 498 3606 essent.
541 3546 628 3604 Velut

189 3651 219 3707 in
240 3646 276 3705 ir.
302 3649 337 3705 19
358 3647 488 3719 legimns,
513 3644 594 3703 5200
615 3646 760 3706 Romanos
782 3644 928 3716 cecidisse,
952 3660 988 3702 ex
1001 3645 1109 3716 Aequis
1129 3644 1255 3714 primum

106 3751 198 3820 2400,
221 3745 325 3806 deinde
347 3746 447 3815 42303

110 3903 164 3911 ⁶0--
169 3904 273 3910 --.--.„...
277 3901 358 3909 -..—

176 3994 195 4061 1)
215 3996 256 4045 De
273 4009 365 4060 pogna
384 3994 523 4046 Cannensi*
543 3996 605 4047 diss.
624 3997 710 4048 Goett.
730 3998 806 4048 1874.

176 4079 196 4147 ²)
214 4082 287 4132 Livii
305 4080 353 4131 lib.
372 4082 437 4131 XXI
456 4097 516 4147 pag.
535 4082 592 4146 XV,
612 4083 726 4134 Hermae
744 4083 798 4133 vol.
817 4083 857 4132 IX
875 4099 900 4149 p.
921 4085 978 4132 123.

176 4167 196 4234 ³)
217 4168 257 4220 Cf.
276 4169 355 4219 Peter
373 4175 423 4219 vet.
442 4170 506 4219 htst.
523 4169 598 4220 Rom.
617 4170 674 4220 rell.
694 4185 719 4234 p.
739 4169 792 4220 CC.
