2708 4628
605 167 754 259 L

102 376 289 447 exposuerat,
311 370 411 444 pancis
434 369 600 442 complexus
615 372 668 435 est,

691 385 765 441 quae
783 369 833 428 ille
847 367 975 429 breviter
989 367 1254 442 comprehenderat,

101 472 192 531 latius
214 471 358 546 exposuit,
382 487 439 542 qno
460 467 573 528 facilius
595 469 725 542 legentes
745 468 947 543 perciperent3
969 468 1020 528 sed
1041 484 1127 541 saepe
1141 466 1255 540 Polybii

102 570 193 631 verba
214 587 272 630 non
294 572 432 628 accurate
453 566 557 626 reddit.
601 568 736 642 Exempli
757 570 853 643 gratia
872 569 960 628 velim
982 565 1134 628 conferas:

273 668 336 729 Pol.
361 669 494 726 3·50·9.

150 759 318 844 συντάξας
347 755 391 826 τοὶ
421 756 513 844 πυροὶ
545 765 657 825 καίειν

106 854 147 930 τὸ
168 865 229 944 μὲν
250 864 363 927 πλεῖον
381 864 483 944 μέρος
505 862 562 939 τῆς
593 861 656 926 δυ·

108 954 238 1042 νάμεως
261 959 370 1027 αὐτοῦ
385 961 555 1025 κατέλιπε·
576 951 658 1032 τους

112 1059 141 1126 δ’
173 1057 466 1139 ἐπιτηδειοτάτους
496 1053 659 1139 εὐζώνους

110 1157 263 1241 ποιήσας,
287 1161 411 1240 διῆλθε
433 1157 478 1225 τοὶ
501 1155 608 1226 στενοὶ.

263 1428 339 1523 ron.
362 1466 494 1523 aaa-a.

159 1558 199 1624 ot
234 1549 302 1640 γάρ
337 1560 410 1642 περὶ
446 1547 504 1637 τὴν
542 1560 662 1624 diodor

114 1659 285 1730 οἰκοῦντες
294 1649 559 1742 ambrosianico
568 1661 661 1723 θαλ-

110 1751 192 1830 λοὺς
223 1758 359 1834 ἔχοντες
386 1759 444 1823 καὶ
475 1753 663 1846 στεφάνους

115 1880 147 1922 τι.
172 1880 199 1922 τ.
223 1880 247 1921 ε.

271 1960 334 2019 Pol.
359 1963 452 2022 3·53·
465 1967 493 2023 7.

141 2059 190 2120 ὀἱ
215 2057 274 2135 μὲν
305 2047 370 2119 ατο
400 2058 458 2135 τῆς
487 2056 663 2143 οὐρανίας,

114 2159 148 2219 οἱ
171 2155 208 2219 δὲ
231 2150 295 2219 aad
324 2156 381 2233 τῆς
409 2162 663 2243 τιρωτοτιορείας

115 2252 268 2320 dodonec
278 2255 343 2319 τῶν
353 2252 570 2345 σκευοφόρων
581 2259 663 2340 ἔνια,

115 2355 374 2439 προσπίπτοντες
396 2353 572 2442 εὐκαίρως.

274 2872 337 2930 ΡοΙ.
360 2874 496 2934 amo-5.

162 2970 376 3048 προθέμενος
414 2958 494 3040 τους
527 2966 663 3034 ακοντι-

118 3056 200 3138 ordo
229 3068 286 3130 καὶ
318 3068 397 3138 τους
431 3058 502 3147 ἅμα
528 3061 663 3142 τούτοις

118 3167 148 3229 Γ
146 3156 329 3237 αλατικους
346 3170 461 3245 ἱππεῖς,
483 3191 503 3232 τ
514 3191 533 3233 ο
545 3159 595 3240 υς
617 3169 664 3233 δὲ

117 3255 320 3336 λοιπούς
344 3270 378 3329 ἐν
397 3259 535 3350 μετώπῳ
555 3290 663 3334 κατα-

118 3356 251 3442 στήσας.

289 3469 351 3529 Pol.
374 3471 497 3531 3·53'9

162 3568 319 3635 ἐναταῖος
353 3563 391 3628 δι’
426 3561 588 3640 διανύσας
616 3574 664 3640 εἰς

118 3655 181 3734 τοὶς
210 3657 399 3746 τ’νιερβολοὶς
429 3662 537 3732 αὐτοῦ
563 3689 663 3733 κατε-

119 3763 384 3846 στρατοπέδευσε
415 3768 473 3831 καὶ
507 3760 557 3832 δύ’
585 3766 663 3847 ἡμέ-

119 3884 183 3945 ρας
204 3867 404 3948 προσέμεινα.

846 669 908 729 Liv.
932 668 1115 727 21·32·12.

749 767 879 842 pluribus
901 768 1015 843 ignibus
1028 765 1113 841 quam
1128 785 1182 840 pro
1203 785 1255 826 nu-

710 884 788 927 mero
838 868 1014 926 manentium
1058 868 1088 925 in
1133 868 1257 939 speciem
1330 900 1333 905 ·

710 969 793 1028 inens
856 967 1125 1053 impedimentisque
1191 982 1257 1025 cnm

711 1071 806 1143 equite
838 1069 947 1128 relictis
975 1076 1004 1127 et
1029 1068 1153 1127 maxima
1174 1071 1258 1139 parte

713 1169 840 1244 peditum
883 1170 944 1242 ipse
993 1184 1056 1227 cum
1106 1167 1259 1240 expeditis,

710 1270 853 1330 acerrimo
891 1285 1003 1341 quoqne
1038 1269 1109 1339 viro,
1153 1267 1259 1340 raptim

712 1370 860 1445 angustias
880 1368 984 1428 evadit.

864 1469 926 1528 Liv.
949 1469 1105 1527 21·34·2.

755 1586 860 1646 magno
889 1574 958 1629 natu
986 1569 1132 1641 principes
1154 1568 1258 1626 castel-

687 1671 805 1730 ·lorum
837 1675 969 1729 oratores
997 1668 1034 1728 ad
1056 1669 1184 1728 Poenum
1212 1684 1260 1725 ve·

714 1773 797 1831 niunt
816 1774 872 1830 etc.

867 1967 931 2027 Liv.
954 1965 1110 2023 21·35·2.

757 2067 827 2127 Inde
860 2067 989 2126 montani
1018 2066 1169 2138 panciores
1204 2067 1261 2123 iam

715 2173 744 2227 et
776 2167 920 2227 latrocinii
951 2167 1042 2241 magis
1076 2182 1160 2239 quam
1194 2165 1263 2224 belli

716 2285 797 2327 more
820 2266 1032 2327 concursabant
1052 2267 1138 2326 modo
1158 2267 1189 2325 in
1202 2264 1262 2341 pri·

717 2386 802 2439 mum,
831 2367 916 2427 modo
943 2368 974 2425 in
1001 2368 1185 2427 novissimum
1211 2382 1262 2440 ag·

715 2486 789 2541 men,
811 2473 965 2541 utcumque
985 2471 1036 2528 aut
1056 2468 1135 2526 locus
1158 2481 1262 2541 oppor-

714 2570 868 2630 tunitatem
911 2567 995 2628 daret
1030 2573 1081 2627 ant
1114 2567 1263 2641 progressi

704 2668 855 2733 morative
908 2668 1033 2741 aliquam
1085 2668 1263 2727 occasionem

715 2770 861 2831 iecissent.

861 2868 925 2928 Liv.
951 2871 987 2927 21
1002 2867 1112 2926 nrt-5.
1265 2924 1269 2929 .

688 2949 691 3023 Ι
756 2969 931 3030 iaculatores
960 2973 990 3027 et
1019 2967 1118 3028 Gallos
1154 2969 1265 3040 equites

714 3071 744 3129 in
794 3066 891 3129 monte
941 3065 1031 3144 locat,
1078 3067 1264 3126 Romanos

714 3169 982 3242 sociorumque
1004 3165 1261 3243 qnodrcboris

714 3268 802 3339 tuit,
824 3269 862 3327 in
883 3267 1080 3328 subsidiis.

867 3463 929 3523 tiu.
952 3444 1155 3521 21·355t.'
1259 3526 1262 3531 ,

755 3564 840 3624 Nono
852 3565 898 3623 die
910 3565 940 3624 in
950 3566 1049 3639 iugum
1059 3564 1175 3637 Alpium
1194 3578 1263 3637 per·

715 3673 834 3727 ventum
846 3671 890 3727 est
910 3665 1053 3739 periuria
1074 3664 1213 3738 pleraque
1235 3669 1266 3723 et

716 3784 839 3840 errones,
890 3782 961 3839 quos
1007 3771 1057 3824 aut
1100 3765 1264 3824 ducentium

714 3865 796 3928 frans
816 3871 875 3936 ant,
897 3864 946 3924 ubi
958 3862 1079 3926 fidesiis
1100 3882 1159 3926 uon
1182 3872 1264 3937 esset,

716 3975 825 4029 temere
847 3967 937 4026 initae
961 3967 1050 4027 valles
1064 3984 1082 4027 a
1097 3968 1264 4027 coniectan-

717 4067 794 4128 tibus
815 4068 871 4127 iter
897 4063 1053 4128 faciebant.
1095 4066 1213 4126 biduum
1235 4065 1264 4125 in

691 4198 693 4243 Ι
718 4170 787 4243 ingo
808 4169 912 4228 stativa
933 4165 1042 4226 habita.
