2708 4628
493 134 746 223 *Α

102 339 245 414 inspexit3
277 355 330 397 nee
353 342 463 398 minore
489 337 584 397 studio
612 335 703 396 libros
734 341 864 396 veterum
892 342 1066 412 scriptorum
1086 339 1247 399 lectitavit:

101 437 187 498 Fabii
219 437 267 512 (ci.
290 439 342 497 ΙΙΙ.
365 435 408 514 8),
441 436 589 497 Chaereae
618 442 648 497 et
669 436 754 496 Sosili
786 436 836 511 (cf.
870 435 1024 515 3·20·5).
1058 444 1119 499 sine
1155 437 1247 498 dubio

104 539 191 598 etiam
214 538 302 597 Sileni
320 534 351 615 ι).
407 598 410 603 ,

186 640 249 725 Quq
280 645 412 711 tempore
444 638 559 707 itinera,
593 654 665 711 quae
695 638 816 713 abipso
846 645 1114 710 commemorantur,
1142 638 1252 700 fecerit

102 744 132 798 et
162 738 277 812 quando
309 737 443 797 historias
472 734 658 807 incohaverit,
693 756 749 798 non
780 742 904 797 constat.
948 737 1004 796 Sed
1037 754 1101 798 cum
1134 737 1254 798 Romae

101 840 217 897 minime
238 838 371 911 diligenti
391 838 519 898 custodia
540 843 701 898 asservatus
722 839 759 897 sit
780 854 871 911 neque
898 842 966 896 ante
995 838 1093 896 3·5·e
1119 835 1248 898 Cartha·

101 938 176 1010 ginis
198 943 248 996 aut
269 936 402 998 Corinthi
423 937 536 996 deletae
558 940 734 997 mentionem
755 935 852 1012 faciat,
875 936 946 996 nihil
968 938 1072 1015 obstat,
1096 939 1250 1010 quominus

101 1054 164 1096 enm
186 1039 243 1095 iam
264 1041 332 1096 ante
353 1053 459 1095 annum
484 1037 542 1094 146
563 1039 668 1096 itinera
689 1038 799 1110 aliquot
830 1037 931 1097 fecisse
953 1042 983 1096 et
1003 1037 1152 1097 historiam
1176 1039 1249 1097 sori-

103 1136 172 1195 bere
195 1137 322 1210 ooepisse
344 1151 498 1194 sumamus.

184 1237 285 1308 Neque
315 1251 485 1309 quemqnam
514 1254 549 1294 ex
571 1236 758 1307 scriptoribus
780 1237 912 1310 antiquis,
934 1237 981 1310 qui
1004 1236 1161 1296 secundum
1183 1238 1246 1298 bel·

100 1338 158 1396 lum
180 1337 320 1395 Punicum
352 1341 570 1406 enarraverunt,
602 1335 707 1397 iudicio
740 1338 896 1411 integriore
935 1344 964 1396 et
993 1336 1136 1396 liberiore·
1158 1355 1247 1396 usum

100 1453 160 1496 esse
182 1453 266 1509 quam
278 1436 438 1509 Polybium,
461 1442 490 1494 et
511 1453 546 1494 ex
566 1437 722 1508 prooemiis
744 1436 947 1496 nonnullorum
969 1436 1111 1496 librorum
1132 1437 1250 1496 intelle·

100 1539 177 1612 gitm·
200 1542 229 1596 et
252 1554 287 1596 ex
299 1535 525 1610 digressionibus
539 1536 616 1594 inter
630 1536 825 1594 narrationem
839 1545 938 1594 rerum
953 1540 1102 1610 gestarum
1117 1539 1249 1614 insertis,

103 1653 222 1709 quamn
244 1636 469 1708 disputationum
501 1651 612 1693 summa
633 1651 668 1693 ex
690 1635 770 1693 libris
791 1633 939 1693 veteribus
961 1637 1021 1709 peti
1043 1652 1101 1694 non
1121 1641 1251 1708 poterat.

103 1736 137 1794 ln
158 1737 245 1794 tertio
266 1737 355 1809 igitur
374 1733 457 1804 libro,
480 1736 528 1806 qui
548 1751 596 1794 res
617 1734 655 1794 ab
677 1734 839 1794 Hannibale
860 1751 949 1808 usque
971 1734 1008 1793 ad
1029 1750 1156 1809 pugnarn
1172 1736 1250 1796 Oan-

104 1853 221 1894 nensem
252 1841 350 1910 gestas
381 1834 517 1903 continet,
549 1851 602 1910 per
633 1814 829 1910 digressione?
857 1834 929 1893 haec
952 1840 1149 1907 exponuntur:
1186 1853 1250 1909 cap.

106 1939 206 1994 6-12
241 1951 313 2009 quae
343 1934 451 1994 firerint
473 1931 591 2002 αἰτίαι,
615 1925 733 2011 ἀρχαί,
756 1924 944 2016 προφάσεις
965 1934 1035 1993 belli
1056 1935 1254 2006 Hannibalici‚

104 2053 167 2109 eap.
190 2038 312 2094 22-32
336 2051 408 2107 quae
429 2033 550 2092 foedera
571 2035 709 2094 Romanis
736 2051 800 2093 cum
822 2033 1110 2108 Carthaginiensibus
1133 2034 1252 2106 fuerint,

105 2153 167 2210 cap.
205 2137 337 2207 36-39,
378 2137 510 2207 47-48,
544 2135 666 2192 57-59
709 2132 903 2207 descriptione
941 2139 1087 2192 terrarum
1120 2137 1254 2210 neglecta

104 2236 254 2294 historiam
285 2239 364 2294 recte
392 2234 521 2309 intellegi
548 2250 606 2292 non
625 2250 720 2307 posse,
747 2249 810 2305 cap.
833 2235 870 2291 81
896 2232 1128 2293 adversariorum
1151 2251 1251 2294 mores

106 2337 219 2394 novisse
247 2333 317 2392 belli
338 2333 458 2393 ducibus
480 2334 603 2392 maxime
625 2334 794 2393 conducere.

192 2434 254 2505 Qua
274 2435 388 2493 ratione
409 2432 507 2493 Livius
528 2451 563 2493 ea
584 2451 657 2506 quae
679 2432 830 2505 aPolybio
852 2432 961 2491 tradita
975 2439 1071 2492 essent
1086 2437 1252 2505 mutaverit,

105 2536 212 2610 optime
234 2536 368 2609 exposuit
378 2533 526 2594 Woelfflin
548 2537 578 2594 in
599 2534 747 2607 prooemio
770 2532 889 2592 editioni
910 2531 978 2590 libri
994 2531 1067 2591 XXI
1088 2536 1252 2606 praemisso

105 2634 183 2706 (inde
205 2652 222 2694 a
244 2652 310 2708 pag.
331 2633 459 2707 XVHI);
482 2633 566 2694 nobis
586 2635 658 2694 haec
679 2632 812 2694 addenda
832 2632 974 2692 videntur.

188 2734 316 2793 Primum
340 2735 438 2793 Livius
464 2751 563 2794 omnes
585 2733 698 2807 Polybii
726 2733 922 2807 digressiones
950 2750 1069 2806 prorsus
1096 2736 1254 2807 praeteriit

106 2835 232 2907 exceptis
261 2835 310 2903 eia,
339 2850 412 2905 quae
440 2834 576 2893 xxi-re
598 2834 634 2894 dc
662 2835 724 2892 iure
750 2832 898 2898 foederum
926 2835 1051 2905 monuit;
1081 2851 1135 2895 nec
1156 2835 1252 2893 minus

106 2949 141 2992 ea
163 2933 298 3007 neglexit,
327 2949 400 3005 quae
422 2932 567 3006 Polybius,
597 2939 631 2993 ut
652 2933 771 2995 Graecis
792 2932 955 3005 legentibus
978 2934 1151 3004 consuleret,
1180 2951 1252 2994 oon·

104 3034 203 3092 tinuae
233 3034 393 3093 narrationi
435 3033 656 3106 interposuerat,
691 3036 769 3092 velut
802 3032 927 3089 3·52·3
956 3033 991 3092 de
1024 3035 1114 3094 ramis
1146 3049 1250 3107 pacem

104 3133 338 3206 significantibus,
368 3134 447 3191 3·71
460 3135 492 3190 ·2
523 3133 559 3192 de
586 3134 706 3210 insidiis,
738 3150 810 3206 quae
839 3133 869 3190 in
897 3136 967 3192 locis
989 3135 1097 3206 apertis
1126 3133 1250 3193 coboea-

104 3239 215 3310 rentur,
231 3235 264 3291 3·
276 3236 313 3292 72
323 3255 329 3268 ·
341 3238 379 3293 10
394 3234 429 3293 de
440 3233 632 3294 Numidarum
646 3250 725 3292 more
739 3234 895 3308 pugnandi,
916 3236 1061 3293 etr-12
1077 3239 1107 3293 et
1124 3235 1196 3292 107·
1211 3237 1249 3293 10

1 3376 3 3379 .
105 3333 141 3392 de
153 3332 465 3408 legionibusRomauis,
479 3334 559 3392 3·86
568 3335 601 3390 ·2
615 3333 650 3392 de
656 3333 795 3403 Arimino,
810 3337 842 3394 3·
854 3338 926 3394 110·
939 3338 957 3393 9
968 3334 1004 3394 de
1010 3333 1113 3393 Aufido
1121 3331 1249 3394 flumine.

66 3499 72 3508 ‚
167 3432 301 3493 'Deinde
322 3435 421 3492 Livius
442 3449 639 3507 nonnusquam
667 3450 711 3505 ea,
741 3451 814 3507 quae
836 3434 972 3508 Polybius
997 3433 1127 3507 pluribus
1153 3432 1250 3492 verbis

95 3615 185 3664 uerba
219 3619 265 3664 aut
293 3629 326 3664 ex
355 3613 464 3669 Catonis
492 3615 639 3680 originibus
671 3615 838 3666 transtulisse
869 3621 914 3666 aut
950 3615 1084 3666 audiendo
1114 3616 1249 3680 accepisse

104 3701 260 3766 suspicatur.
297 3699 395 3752 Contra
420 3716 479 3752 sum
507 3702 575 3752 bene
603 3702 727 3754 disseruit
752 3704 883 3754 Henrious
910 3703 1006 3754 Nissen
1024 3704 1052 3753 in
1076 3701 1247 3753 Fleckeiseni

105 3787 222 3838 annalib.
240 3787 334 3852 philol.
354 3774 420 3838 1861
441 3802 502 3854 pag.
522 3791 582 3840 329.

175 3871 254 3940 1)(11.
274 3875 378 3925 3·47·6
406 3890 462 3942 sqq.
480 3891 539 3925 eum
559 3876 615 3928 Oia.
634 3877 666 3929 de
684 3878 738 3930 diu.
761 3879 887 3928 rocla
908 3904 940 3914 -
958 3878 988 3930 L.
1009 3876 1156 3941 Calpurnio
1175 3875 1207 3925 L.
1227 3876 1246 3924 f.

105 3962 198 4013 Pisone
217 3961 343 4013 Censorio
362 3962 454 4029 Frugi,
481 3964 527 4028 qui
545 3980 615 4015 anno
636 3965 828 4016 metricanus
854 3964 951 4030 plebei,
980 3979 1003 4014 a.
1031 3965 1080 4013 133
1100 3961 1202 4022 consul,
1221 3975 1247 4010 a.

105 4049 154 4096 120
177 4063 267 4100 censor
292 4048 351 4110 fuit,
379 4053 487 4101 anctore
514 4051 555 4101 uti
573 4051 702 4119 Polybius
721 4053 767 4103 vix
794 4053 895 4118 potuit;
922 4050 955 4102 oi.
975 4051 1065 4101 Herm.
1087 4048 1166 4098 Peter
1194 4052 1246 4098 vet.

104 4132 167 4184 hist.
186 4134 261 4185 Rom.
280 4133 339 4186 rell.
357 4150 383 4200 p.
403 4134 600 4188 chxxxxlv.
