2708 4628
560 835 696 920 Oaros
727 835 786 916 Π.Δ

187 1037 261 1094 Tres
282 1036 459 1108 potissimum
481 1054 584 1096 causae
605 1038 741 1097 videntur
761 1037 884 1108 obstare,
908 1039 1059 1108 quominus
1079 1039 1193 1097 Livium
1213 1040 1243 1095 in
1302 1112 1308 1121 .

99 1133 179 1194 libris
200 1135 271 1194 XXI
292 1139 322 1194 et
342 1136 429 1195 XXII
450 1135 570 1208 Polybio
602 1142 720 1195 anctore
742 1153 823 1195 usum
852 1153 913 1196 esse
936 1136 1074 1196 dieamus.
1116 1138 1243 1199 Primum

101 1235 176 1293 euim
204 1234 334 1293 nonnulli
362 1234 415 1292 viri
443 1233 521 1294 docti
535 1229 561 1308 ¹)
584 1236 699 1295 Livium
727 1240 828 1296 vetera
854 1235 972 1296 foedera
993 1237 1187 1297 Romanorum
1214 1242 1244 1295 et

101 1333 390 1409 Carthaginiensium,
414 1351 486 1406 qnae
501 1335 585 1408 apud
600 1336 750 1409 Polybium
771 1337 915 1410 leguntur,
939 1336 964 1394 si
980 1337 1090 1395 einata
1111 1336 1244 1406 fuissent,

24 1510 26 1515 ,
99 1435 215 1494 silentio
236 1435 462 1507 praeteriturum
483 1432 572 1494 fnisse
601 1440 716 1508 negant.
759 1435 872 1494 Deinde
896 1435 1002 1494 multae
1032 1436 1245 1508 discrepantiae

101 1535 132 1592 in
152 1536 194 1594 eis
221 1534 317 1606 operis
345 1534 458 1593 Liviani
480 1533 620 1609 partibus,
642 1550 716 1608 quae
739 1537 900 1594 summatim
922 1549 985 1593 cum
1017 1536 1105 1596 tertio
1132 1533 1246 1608 Polybii

103 1633 179 1694 libro
201 1635 393 1709 consentiunt,
416 1639 475 1693 tam
495 1651 597 1708 graves
619 1649 682 1694 esse
704 1635 847 1707 dicuntur,
868 1639 911 1693 tot
939 1650 986 1693 res
1006 1635 1036 1692 iu
1057 1634 1113 1693 illis
1127 1633 1246 1694 'relatae

102 1733 279 1806 Polybianae
312 1735 472 1815 manationi
499 1749 671 1808 repugnare,
704 1739 748 1791 tot
776 1733 854 1807 apud
883 1734 974 1793 solum
995 1732 1108 1792 Livium
1137 1739 1246 1805 exmre,

102 1838 135 1892 ut
154 1849 203 1892 eas
225 1832 370 1906 explicare
393 1822 525 1906 nequeat,
547 1836 594 1905 qui
615 1832 729 1890 Livium
750 1834 891 1906 pleraque
912 1851 947 1892 ex
968 1833 1090 1907 Polybio
1114 1834 1248 1906 petivisse

103 1933 211 1992 credat.
254 1933 385 2005 Denique
413 1950 449 1991 ex
476 1930 700 2006 quaestionibus,
735 1949 806 2004 quas
835 1933 994 1992 Tillmanns
1025 1939 1056 1992 et
1080 1932 1184 1991 Nissen
1212 1933 1248 1990 de

32 2018 44 2032 ‘
102 2034 177 2092 aava
198 2030 280 2091 libris
301 2032 526 2092 xxxi-xcv
540 2033 738 2104 insereremur,
762 2032 836 2091 emer
854 2032 977 2104 videtur,
999 2033 1112 2093 arvium
1128 2034 1157 2091 u
1189 2033 1247 2089 su-

102 2132 177 2207 gulis
198 2132 284 2192 rebus
306 2132 458 2193 narrandis
481 2132 609 2207 singulos
630 2150 686 2191 non
705 2133 802 2205 plures
831 2136 963 2191 auctores
994 2133 1024 2191 in
1056 2149 1135 2191 nsum
1161 2145 1245 2194 voca-

101 2233 184 2291 visse.
228 2232 292 2291 Hae
314 2248 418 2290 consae
439 2249 494 2305 qno
515 2234 579 2291 iure
602 2232 678 2291 obici
699 2231 819 2304 possint,
841 2247 916 2290 nunc
945 2231 1100 2292 videamus.
1135 2281 1139 2290 .

178 2331 273 2405 ‚Apud
295 2332 445 2404 Polybium
468 2332 566 2405 igitur,
588 2337 621 2390 nt
649 2329 741 2389 abeo
768 2337 940 2404 argumento
968 2331 1145 2405 proficiscar,
1173 2331 1249 2405 quod

103 2433 164 2490 siue
187 2430 274 2490 dubio
295 2432 495 2506 gravissimum
518 2424 571 2504 est,
594 2432 625 2489 iu
659 2429 708 2488 lib.
730 2431 773 2489 111
806 2447 868 2504 cap.
892 2433 1016 2490 22-30
1038 2433 1163 2506 quinque
1188 2430 1248 2491 soe·

104 2530 173 2590 dora
194 2537 463 2603 commemorantur,
486 2547 559 2604 qnae
580 2531 718 2591 Romanis
739 2546 803 2588 oum
823 2529 1109 2604 Carthaginiensibus
1122 2527 1249 2608 fueraut,

105 2645 160 2688 nec
185 2630 271 2704 plane
305 2632 403 2704 liquet,
435 2646 486 2688 cur
507 2631 607 2689 Livius
636 2646 670 2688 ca
699 2631 729 2688 in
759 2646 829 2702 opus
862 2646 945 2689 snum
974 2647 1031 2690 non
1059 2632 1247 2691 transtulerit.

102 2729 211 2788 Tamen
232 2730 306 2789 hauc
327 2746 389 2788 rem
410 2746 467 2788 uon
489 2734 601 2788 tautam
616 2745 678 2790 esee
693 2730 795 2802 iudico,
819 2746 854 2787 ex
874 2746 930 2803 qua
944 2728 1019 2790 effici
1034 2730 1248 2808 possitLivium

103 2844 138 2887 ex
154 2832 216 2887 toto
228 2828 437 2899 tertioPolybii
451 2827 524 2886 libro
540 2828 610 2886 nihil
623 2828 762 2887 hausisse.
804 2828 879 2888 Nam
898 2844 933 2887 ex
952 2830 997 2888 hia
1012 2828 1183 2902 foederibus,
1199 2829 1249 2888 ubi
1295 2887 1296 2890 ,

102 2928 138 2987 de
160 2928 281 3002 Sagunti
302 2928 513 3002 expugnatione
534 2927 758 3000 disceptabatur,
782 2927 838 2986 duo
853 2932 965 2986 tantum
978 2929 1095 2988 maioris
1111 2932 1248 2990 momenti

101 3033 201 3087 erant:
224 3046 312 3087 unum
333 3029 409 3101 quod
430 3046 448 3088 a
472 3027 576 3088 Catulo
596 3028 713 3088 consule
735 3045 810 3087 auno
837 3030 895 3086 241
919 3044 946 3085 a.
960 3027 1029 3087 Chr.
1051 3047 1090 3102 n,
1122 3031 1247 3088 alterum

103 3128 178 3200 quod
214 3135 314 3200 postea
347 3144 410 3186 cum
445 3127 630 3188 Hasdrubale
658 3128 833 3201 imperatore
845 3123 870 3202 ²)
906 3128 995 3186 ictum
1031 3133 1103 3186 erat.
1146 3128 1247 3201 ltaque

102 3226 232 3299 Polybio,
255 3228 303 3299 qui
324 3227 355 3287 id
385 3229 534 3301 spectavit,
560 3235 593 3286 ut
620 3243 677 3287 non
706 3227 790 3288 modo
823 3243 906 3287 casus
939 3232 1113 3301 eventusque
1141 3244 1247 3296 rerum,

57 3310 60 3315 ¹
100 3326 152 3387 sed
172 3328 248 3386 ratio
280 3327 366 3386 etiam
399 3344 561 3401 causaeque
583 3332 833 3403 cognoscerentur,
856 3333 1119 3402 rerumgestarum
1145 3327 1247 3388 ordino

100 3428 265 3500 interrupto
286 3427 332 3485 vel
354 3443 372 3486 a
392 3428 491 3500 primis
512 3426 688 3500 temporibus
709 3428 819 3488 liberae
839 3429 1036 3488 Romanorum
1057 3427 1247 3503 reipublicae

100 3531 232 3601 repetere
262 3530 292 3586 ct
321 3526 445 3601 quinque
479 3527 530 3586 illa
562 3525 680 3587 foedera
708 3543 773 3586 cum
800 3528 910 3587 lectore
949 3528 1159 3588 communicare
1188 3544 1246 3588 uon

105 3703 352 3710 *ΜΨ*

96 3829 99 3835 ’
170 3806 189 3874 ¹)
208 3809 249 3859 cf.
270 3808 435 3875 Schwegleri
453 3808 513 3859 bist.
535 3809 608 3859 Rom.
628 3809 642 3857 1
660 3824 686 3873 p.
701 3807 766 3880 110,
785 3805 924 3856 Boettcher
943 3822 968 3872 p.
987 3807 1047 3856 369.

171 3891 191 3958 ²)
211 3895 288 3944 Anno
310 3900 340 3944 ut
358 3895 463 3945 videtur
490 3896 541 3943 226
565 3910 587 3943 a
608 3893 681 3952 Chr.;
707 3893 773 3943 conl.
798 3892 854 3941 Pol.
875 3896 907 3941 2·
923 3894 969 3941 13·
985 3896 1012 3942 l:
1039 3881 1097 3963 ἅμα
1115 3883 1155 3956 τῷ
1174 3887 1240 3941 deo-

101 3968 331 4053 πρεσβευσάμενοι
361 3970 428 4051 πρδς
455 3969 504 4031 cdv
533 3974 700 4050 Aodpoo'ssov
727 3967 895 4048 ποιήσασθαι
928 3973 1127 4048 ecquidnam..
1143 3970 1247 4035 εὐθέως

15 4127 17 4131 y
101 4058 240 4136 δξήνεγκαν
257 4055 307 4117 ro'v
324 4057 392 4137 apog
414 4059 478 4130 τούς
501 4055 571 4116 κατὰ
595 4055 645 4134 τήν
669 4060 790 4116 Ἰταλίαν
807 4054 929 4128 Κελτούς
952 4053 1072 4141 πόλεμον
1096 4064 1152 4136 (vix
1176 4079 1246 4120 anno

101 4154 161 4216 228,
181 4159 210 4204 ut
228 4153 331 4220 hangio
350 4153 456 4207 uidetur
475 4156 502 4207 in
522 4154 688 4222 errtiq.Ror1r
708 4149 758 4207 11².
777 4170 804 4223 p.
825 4151 894 4219 143).
