2708 4628
714 176 731 231 6

151 375 319 447 explicanda
340 369 481 447 restabat)
499 370 530 444 ¹),
559 373 607 431 vix
627 371 690 430 fieri
720 373 822 444 potuit,
852 376 885 429 nt
910 373 987 430 inter
1013 372 1195 432 scribendum
1216 390 1294 432 com·

152 475 277 548 plurium
299 474 472 532 voluminum
494 477 665 546 argumenta
687 472 763 530 inter
785 488 816 530 se
838 475 1083 543 compararentur.

235 576 330 648 Atque
352 589 409 633 non
427 575 520 632 solum
541 590 584 640 ea,
606 588 680 647 quac
702 572 911 643 manuscripta
931 575 1006 641 sunt,
1028 569 1191 643 legentibus
1205 573 1294 631 maio·

150 691 212 732 rem
234 673 357 733 afferunt
378 673 577 732 difficultatem
599 673 772 744 saepiusque
793 672 823 728 iu
845 686 960 749 errores
982 685 1034 727 nos
1054 669 1195 728 inducunt
1210 687 1295 744 quam

151 789 224 846 quae
245 773 322 847 typis
343 779 374 832 et
392 773 480 846 prelis
503 788 640 847 expressa
654 776 728 839 sunt,
750 771 800 830 sed
821 776 932 830 veteres
950 769 1088 829 vocabula
1109 787 1219 845 quoque
1236 789 1295 831 non

153 872 357 946 disiungebant
371 872 530 932 intervallis
547 871 572 944 2)
595 887 686 944 neque
708 871 861 930 aut'libros
882 871 1029 944 incapite
1051 887 1085 929 ac
1099 871 1297 945 paragraphos

153 972 318 1032 dividebant
352 979 401 1032 aut
432 973 541 1032 indices
579 972 734 1031 secundum
769 971 933 1029 litterarum
965 971 1093 1030 ordinem
1125 972 1297 1031 constitutos

155 1072 310 1132 habebant.

237 1173 293 1233 Sed
307 1188 468 1246 quanquam
483 1172 555 1231 haec
569 1171 742 1231 Boettchero
757 1173 893 1248 concedo,
915 1173 1034 1231 minime
1051 1176 1148 1231 tamen
1164 1173 1296 1231 existimo

153 1273 269 1332 Livium
286 1272 331 1330 his
353 1272 439 1331 rebus
469 1277 597 1331 coactum
624 1288 693 1345 esse,
725 1276 757 1330 ut
784 1273 814 1330 in
840 1288 951 1346 quaque
979 1273 1075 1344 operis
1102 1278 1185 1345 parta
1213 1272 1296 1330 unius

154 1371 234 1430 ducis
256 1373 338 1446 quasi
358 1372 472 1445 signum
493 1375 669 1443 sequeretur.
706 1371 780 1435 Nam
801 1373 925 1444 primum
946 1371 1098 1429 verisimile
1119 1375 1164 1430 est
1183 1377 1296 1432 veteres

153 1474 309 1546 scriptores
332 1476 481 1531 auctorum
502 1471 599 1543 libros
621 1487 684 1530 curn
704 1487 752 1530 eos
774 1473 907 1531 evolvere
929 1487 1082 1543 operosum
1104 1476 1188 1543 esset,
1204 1488 1296 1547 neque

154 1573 229 1645 quod
253 1573 316 1646 quis
338 1576 489 1645 quaereret
509 1570 598 1630 oculis
611 1570 695 1630 facile
709 1573 896 1644 inveniretur,
912 1588 946 1630 eo
962 1571 1125 1643 diligentius
1141 1571 1296 1646 perlegisse

158 1676 189 1729 et
210 1671 240 1730 in
262 1671 468 1743 componendis
489 1670 623 1745 operibus
644 1671 702 1729 suis
721 1672 834 1744 saepius
855 1687 940 1743 quam
961 1669 1138 1729 recentiores
1159 1672 1298 1730 memoria

155 1770 246 1830 fretos
268 1769 305 1830 ab
327 1770 368 1830 eis
389 1770 565 1830 discessisse.
609 1770 730 1830 Accedit
755 1770 832 1844 quod
854 1772 911 1828 iam
933 1769 1062 1828 Niebuhr
1078 1764 1101 1846 8)
1130 1786 1188 1829 non
1216 1770 1297 1830 dubi·

156 1872 236 1943 tavit,
260 1872 329 1943 quin
344 1870 454 1942 Livius,
476 1877 508 1930 ut
521 1870 665 1931 scribendi
686 1871 817 1930 molestia
831 1872 986 1944 levaretur,
1009 1869 1098 1930 libros
1113 1887 1179 1930 suos
1197 1872 1298 1930 scribis

156 1971 318 2030 dictaverit.
352 1969 438 2029 Certe
456 1971 645 2029 historiarum
667 1987 740 2044 quae
762 1971 897 2030 dicuntur
912 1976 1055 2044 auctores,
1077 1971 1156 2030 velut
1170 1972 1296 2045 Coelius,

155 2071 285 2143 Sisenna,
304 2069 466 2139 Sallustius,
489 2076 518 2129 et
532 2071 629 2130 Livius
643 2073 672 2129 in
687 2073 728 2130 eis
741 2070 832 2143 libris,
856 2072 959 2144 quibus
973 2088 1053 2131 suam
1067 2073 1156 2146 ipsius
1171 2076 1297 2132 aetatem

154 2169 343 2244 describebat,
366 2189 403 2232 ne
430 2177 567 2247 poterant
595 2171 709 2244 quidem
736 2174 865 2244 priorum
892 2178 1040 2232 auctorum
1068 2174 1189 2247 vestigia
1210 2175 1298 2234 anxie

154 2271 325 2344 exprimere.

238 2370 310 2430 Cum
338 2373 512 2432 voluminum
541 2371 635 2432 forma
656 2377 685 2432 et
706 2373 903 2447 magnitudine
932 2374 1020 2432 etiam
1048 2371 1148 2433 divisio
1176 2389 1296 2447 operum

154 2470 230 2543 apud
252 2472 386 2544 antiquos
406 2472 560 2547 scriptores
574 2473 682 2532 usitata
700 2473 743 2533 ita
763 2473 875 2533 videtur
895 2473 1065 2545 cohaesisse,
1085 2479 1118 2532 ut
1130 2472 1296 2547 plerumque

155 2571 260 2643 singuli
291 2571 359 2630 libri
391 2573 504 2648 singula
537 2574 680 2633 volumina
714 2574 865 2647 explerent
884 2567 928 2644 ⁸);
961 2588 1037 2646 quae
1069 2588 1105 2631 ne
1136 2571 1297 2644 legentibus

155 2669 288 2729 molesta·
304 2677 408 2743 essent,
437 2670 504 2730 libri
534 2678 645 2732 certum
674 2674 817 2748 quendam
831 2671 961 2753 ,modum
989 2674 1036 2731 vix
1065 2670 1242 2731 excedebant
1256 2666 1296 2748 ⁸).

155 2770 258 2842 Itaque
280 2771 394 2830 etiamsi
413 2773 527 2846 priores
545 2778 678 2833 auctores
699 2773 792 2832 minus
812 2791 898 2848 quam
917 2773 1015 2832 Livius
1037 2771 1185 2832 commodo
1199 2773 1297 2846 legen·

155 2871 227 2927 tium
255 2871 460 2944 consuluerint,
491 2881 589 2932 tamen
622 2888 678 2931 non
707 2878 750 2933 est
777 2874 942 2944 verisimile,
971 2876 1022 2931 ant
1051 2871 1176 2945 primum
1207 2869 1299 2931 (icelii
1332 2880 1345 2901 ⁴

160 2969 264 3028 librum
287 2986 331 3040 ea,
354 2987 428 3044 quae
448 2988 467 3031 a
487 2973 570 3032 Livio
592 2973 622 3031 in
652 2973 735 3033 libris
755 2973 826 3032 XXI
853 2979 881 3032 et
902 2972 989 3033 XXII
1016 2977 1183 3050 narrantur,
1207 2987 1300 3044 paene

312 3175 404 3183 ..-..---

227 3307 248 3376 1)
266 3308 306 3360 Ol.
317 3310 478 3374 Marquardt,
491 3312 572 3374 antiq.
585 3310 659 3363 Rom.
672 3311 724 3362 vol.
738 3310 762 3371 5,
776 3313 807 3360 2.
818 3313 873 3361 not.
887 3308 964 3373 ³485,
978 3308 1157 3362 wattenbach
1169 3306 1300 3376 „Schrift-

156 3412 244 3450 wesen
262 3398 299 3448 im
318 3393 493 3448 Mittelaltor“
511 3412 537 3462 p.
558 3398 607 3447 104
625 3412 682 3462 sqq.

226 3508 247 3579 1)
267 3509 307 3564 Cf.
330 3511 403 3563 Suet.
422 3510 490 3577 Aug.
511 3512 544 3561 87
564 3515 630 3561 extr.

225 3619 246 3690 8)
264 3623 394 3690 Vortrbge
412 3622 479 3673 iiber
496 3624 562 3672 rbm.
582 3619 740 3671 Gcschichtc
758 3620 916 3686 hcrausgeg.
935 3635 988 3671 ron
1006 3619 1073 3671 lsler
1091 3620 1113 3670 1.
1131 3621 1174 3672 49.

227 3732 248 3800 ⁴)
267 3734 308 3785 of.
322 3734 381 3784 Liv.
401 3735 449 3783 31·
463 3736 474 3781 l
486 3755 492 3768 ·
503 3733 528 3799 3,
547 3728 602 3783 Cic.
612 3731 692 3782 Tusc.
710 3733 738 3780 3·
747 3733 775 3780 3·
784 3734 808 3795 6,
827 3731 932 3782 Vitruv.
951 3730 1302 3797 2·1·80tc.1⁴ixeipiuntur

157 3829 246 3873 tamen
264 3821 298 3873 ab
317 3820 367 3870 hac
383 3821 444 3886 lege
457 3819 553 3869 Velleii
571 3818 706 3869 Paterculi
722 3817 786 3868 libri
805 3816 857 3868 duo
876 3816 981 3881 (1·,14·
996 3819 1009 3864 1
1029 3817 1089 3868 coll.
1106 3819 1217 3867 a·131·
1231 3815 1255 3882 1)
1275 3824 1302 3868 ct

157 3907 240 3958 Plinii
262 3905 392 3975 „studiosi
419 3911 481 3968 tres,
504 3905 531 3955 in
555 3920 603 3957 sex
621 3902 759 3955 volumina
781 3909 889 3971 propter
913 3903 1113 3971 amplitudinem
1137 3902 1233 3954 divisi‘⁴
1254 3902 1301 3968 (ci.

157 3993 227 4045 Plio.
247 3993 323 4060 epist.
343 3993 375 4042 3·
389 3986 467 4058 Μ).

229 4100 250 4168 ⁶)
269 4102 346 4154 Goni.
370 4102 436 4169 Nep.
469 4102 585 4153 Haunib.
615 4103 691 4152 13=4
720 4117 780 4154 cum
802 4105 884 4169 praei.
911 4105 934 4166 5.
960 4103 985 4167 8,
1015 4100 1127 4166 Quintss.
1152 4102 1302 4164 orico,

159 4189 290 4240 Trebellii
308 4187 436 4240 Pollionis
457 4187 542 4239 valer.
561 4189 630 4240 Μ.
