2708 4628
642 199 790 290 „A-

146 399 277 473 quisnam
298 397 335 456 sit
355 397 404 456 illc
429 397 563 469 scriptor,
596 410 631 456 ex
654 415 710 469 quo
732 403 868 473 tanquam
890 402 1032 458 communi
1053 400 1131 460 fonte
1153 399 1291 475 Polybius

146 503 176 558 et
197 499 297 558 Livius
317 513 369 556 sua
390 496 547 556 hauserint.
590 477 680 568 Quem
710 515 773 557 cum
794 498 912 559 Nitzsch
940 501 1001 572 ipse
1023 501 1090 559 olim
1113 501 1147 572 Q.
1169 498 1290 560 Fabium

144 600 289 659 Pictorem
305 613 367 658 esse
390 598 574 657 iudicavisset
587 594 618 670 ¹),
642 602 743 671 postea
765 597 892 657 Silenum
914 612 984 670 esse,
1008 615 1104 658 rerum
1119 599 1290 660 Hannibalis

147 704 303 769 auctorem,
337 700 498 772 suspicatus
520 703 564 757 est
577 690 611 772 ²).
656 696 776 756 Carolus
802 703 898 756 autem
920 698 1076 757 Boettcher
1088 699 1114 769 ³)
1141 700 1216 758 bane
1237 716 1289 758 no·

146 816 212 860 vam
233 798 354 874 protulit
376 799 564 872 seutentiam,
598 801 630 855 ut
650 797 762 856 Livium
793 797 883 856 libros
905 799 977 856 XXI
999 805 1028 857 et
1049 799 1136 858 XXII
1156 805 1233 858 totos
1253 817 1288 860 cx

145 899 234 959 Coelii
262 899 410 974 Antipatri
443 898 573 957 historiis
605 897 853 975 transsumpsisse,
888 914 923 957 ex
953 898 1048 956 Sileno
1077 898 1227 971 Polybium
1261 904 1290 956 et

144 997 272 1057 Coelium
303 998 430 1057 hausisse
459 997 578 1056 diceret.
628 996 739 1055 Contra
767 1014 802 1055 ea
835 995 955 1056 Adollus
978 997 1105 1057 Vollmer
1117 999 1140 1070 ⁴)
1172 1007 1289 1071 praeter

144 1095 275 1157 Coelium
297 1098 384 1156 etiam
406 1096 527 1155 Fabium
549 1103 579 1156 et
600 1096 746 1155 Valerium
762 1097 907 1156 Antiatem
928 1099 1072 1156 annalium
1093 1099 1248 1170 scriptores
1270 1116 1287 1155 a

60 1219 65 1229 ·
142 1195 225 1255 Livio
247 1199 277 1254 iu
299 1197 408 1256 duobus
429 1197 487 1255 illis
508 1196 589 1256 libris
611 1197 640 1255 in
662 1201 810 1257 auctorum
833 1203 951 1256 numero
980 1196 1093 1256 habitos
1125 1215 1187 1256 esse
1218 1213 1287 1269 pro-

142 1296 213 1355 bare
234 1297 342 1355 studuit
363 1295 449 1368 idque
464 1296 609 1354 Nltzscbio
630 1292 671 1355 ita
692 1299 842 1369 persuasit,
865 1302 897 1355 ut
918 1298 1061 1356 sententia
1075 1298 1172 1372 priore
1186 1298 1287 1354 relicta

143 1397 255 1456 Livium
276 1397 307 1454 in
331 1397 414 1454 initio
434 1395 503 1454 belli
525 1394 710 1455 HannibaIIci
734 1397 897 1456 enarrando
926 1397 1009 1455 unius
1031 1396 1123 1456 Coelii
1143 1395 1286 1462 historias,

142 1512 197 1568 per
224 1501 376 1571 sequentes
408 1495 498 1555 libros
526 1496 611 1554 unius
633 1495 742 1555 Valerii
770 1497 895 1555 Antiatis
925 1497 1043 1556 annales
1069 1501 1199 1555 secutum
1228 1513 1288 1555 esse

143 1595 199 1654 sibi
220 1591 392 1670 fingerct⁵].

226 1696 398 1770 Nuperrimc
418 1697 494 1759 hanc
515 1713 576 1756 rem
599 1696 697 1770 tetigit
712 1696 925 1756 Maximilianus
941 1697 1052 1756 Posner
1073 1697 1104 1755 in
1125 1713 1159 1756 eo
1180 1697 1285 1768 libello,

143 1813 199 1870 quo
228 1798 389 1856 accuratius
421 1797 546 1868 disserit,
580 1795 701 1870 „quibus
732 1796 899 1855 auctoribus
931 1797 961 1854 in
993 1795 1069 1856 bello
1098 1797 1287 1856 Hannibalico

143 1897 305 1957 enarrando
333 1913 400 1956 usus
429 1899 467 1956 sit
494 1898 550 1956 Dio
573 1887 710 1956 Cassius“
724 1890 763 1967 6).
823 1895 875 1954 Cui
903 1913 1064 1971 quanquam
1091 1895 1147 1956 Dio
1174 1898 1288 1969 saepius

142 1997 237 2068 ipsum
257 1997 370 2056 Liuium
399 2001 512 2056 secutus
541 2013 602 2056 esse
624 1996 746 2071 videtur,
767 2014 824 2070 quo
852 2000 881 2055 iu
904 1996 1088 2070 sequentibus
1116 1995 1197 2054 libris
1218 2012 1284 2067 pcr-

144 2114 230 2172 saepc
252 2114 317 2156 eum
339 2114 422 2156 usum
442 2113 504 2157 esse
519 2113 688 2171 persuasum
710 2096 805 2168 habet,
829 2103 926 2156 tamen
947 2096 983 2154 ab
998 2112 1033 2155 ea
1053 2111 1200 2168 regressus
1221 2111 1284 2153 sen·

142 2198 234 2256 tentia
255 2199 406 2270 utriusque
427 2199 576 2271 scriptoris
598 2199 791 2256 narrationem
821 2213 857 2255 ex
880 2196 980 2255 eodem
1007 2194 1087 2254 fonte
1117 2209 1206 2266 eoque
1227 2194 1304 2253 lto-1

144 2313 227 2356 mano
248 2295 366 2356 fluxisse
387 2297 464 2365 dicit,
487 2314 543 2372 quo
565 2297 606 2365 fit,
628 2303 660 2354 ut
682 2296 809 2355 Coelium
831 2313 1008 2355 communem
1025 2294 1105 2354 illum
1134 2294 1236 2352 ducem
1258 2299 1287 2351 et

141 2413 228 2455 unum
248 2396 388 2456 librorum
403 2397 474 2457 XXI
495 2404 524 2456 et
548 2396 635 2456 XXII
656 2396 732 2455 Livii
754 2401 902 2454 auctorem
916 2412 977 2455 esse
997 2395 1155 2454 arbitretur
1170 2387 1211 2468 (p.
1224 2391 1286 2466 73).

212 2707 235 2776 ¹)
255 2711 306 2774 „Q.
326 2711 426 2762 Fabius
445 2711 551 2760 Pictor“
578 2712 605 2760 in
630 2711 677 2762 der
695 2712 874 2778 allgemeinsu
892 2713 1092 2765 Monatsschrilt
1109 2713 1152 2763 fiir
1170 2711 1288 2764 Wissen-

143 2794 228 2846 schaft
245 2794 299 2845 und
319 2795 464 2845 Literatur.
502 2795 562 2845 Xiel
583 2797 657 2848 1854.

213 2887 233 2956 ²)
252 2892 279 2939 in
307 2905 360 2940 von
384 2889 486 2955 Sybel's
511 2890 685 2942 historischer
710 2887 862 2944 Z'eitschrilt
890 2894 966 2944 1864.
985 2920 1019 2929 -
1042 2894 1071 2945 P.
1096 2892 1292 2944 Friedersdorff

143 2977 223 3026 ctiam
242 2977 426 3043 expeditiones
440 2976 580 3042 Scipionis,
601 2978 692 3043 quales
710 2979 838 3046 leguntur
855 2980 924 3045 apud
938 2979 1046 3030 Livnum
1065 2981 1092 3030 iu
1111 2980 1188 3031 libris
1200 2981 1290 3030 XXVI

143 3063 250 3112 -XXX
269 3069 295 3113 et
313 3080 355 3129 ap.
375 3063 517 3130 Polybium
536 3067 563 3115 iu
581 3067 600 3116 1.
615 3065 746 3129 X—XIV,
773 3083 807 3116 ex
826 3082 878 3117 unc
897 3068 970 3116 fonte
996 3067 1105 3118 haustas
1125 3082 1182 3118 osse
1200 3068 1288 3131 suspi-

142 3155 218 3199 catur
236 3151 263 3199 in
281 3151 381 3214 libello,
410 3151 454 3216 qui
478 3153 623 3218 inscriptus
648 3159 687 3204 est
706 3153 817 3216 „Livius
842 3158 868 3203 et
886 3152 1022 3220 Polybius,
1050 3153 1183 3218 Scipionis
1200 3168 1289 3203 rorum

143 3239 294 3302 scriptores,
315 3236 475 3305 Coettingae
496 3240 589 3290 1869“.

211 3327 232 3396 ³)
251 3333 385 3382 Kritischo
403 3332 646 3400 Untcrsuchungen
666 3336 731 3384 iiber
750 3297 793 3386 die
812 3335 925 3397 Qusllen
943 3333 988 3386 des
1008 3335 1104 3386 Livius
1122 3335 1158 3385 im
1176 3337 1217 3385 21.
1235 3331 1289 3383 und

141 3420 183 3471 22.
203 3417 303 3482 Buche,
322 3419 432 3485 Leipzig
452 3423 518 3470 1869
537 3421 719 3486 (Jahrbdcher
736 3421 781 3471 fiir
799 3421 957 3488 Philologie,
981 3423 1005 3472 b.
1025 3417 1294 3488 supplementband).

63 3582 65 3589 Ι
212 3509 233 3577 4)
254 3511 404 3576 Quaeritur,
424 3514 494 3564 undo
511 3514 577 3565 belli
596 3517 690 3565 Punici
707 3515 816 3566 secundi
835 3517 1044 3583 scriptores·sua
1056 3516 1201 3567 hauserint.
1219 3514 1289 3565 Diss.

145 3599 304 3665 Goettingse
326 3601 401 3652 1872.

212 3690 233 3759 ⁶)
253 3694 394 3746 Rdmische
412 3696 574 3763 Annalistilr,
594 3697 683 3747 Berlin
704 3697 780 3763 1873,
803 3712 829 3763 p.
848 3699 892 3748 21.

212 3784 232 3853 6)
252 3787 324 3840 DIss.
343 3776 451 3841 bonnae
471 3792 548 3842 1874.
569 3819 596 3829 -
619 3794 727 3844 Praeter
747 3794 890 3843 Poenorum
903 3791 1056 3847 Boettchsri
1075 3795 1233 3844 senteutiam
1252 3808 1292 3842 aa·

139 3875 263 3925 sensione
281 3878 521 3941 comprobaverunt
540 3877 636 3929 Soltau
655 3881 684 3929 in
703 3879 890 3931 dissertatione
907 3878 958 3944 „de
976 3879 1097 3932 fontibus
1106 3878 1243 3929 Plutarchi
1262 3881 1292 3928 in

140 3960 258 4011 seeundo
285 3963 357 4013 bello
377 3964 478 4014 Punico
508 3963 674 4015 enarrando“
702 3963 822 4034 (bonnae
842 3962 928 4031 1870),
959 3965 1091 4014 Bucblrola
1116 3967 1143 4015 in
1174 3965 1291 4031 „Ueter-

141 4047 296 4114 suchungen
315 4050 383 4100 {lber
401 4050 444 4100 dic
455 4051 567 4113 Quellen
586 4051 633 4103 des
643 4052 747 4118 Appian
760 4052 815 4103 und
829 4053 880 4102 Dio
891 4052 999 4104 Cassius
1012 4053 1056 4102 fiir
1074 4051 1117 4101 dio
1130 4048 1293 4102 Cesohiebte

143 4133 189 4182 des
208 4134 319 4185 aweiten
337 4152 401 4202 pun.
416 4134 546 4203 Xrieges“
565 4135 767 4204 (Pyrita1872),
787 4138 941 4205 Hepuueber
958 4142 987 4190 in
1005 4139 1189 4191 dissertatione
1207 4138 1294 4205 „iibep

141 4219 188 4268 die
207 4220 320 4283 Quellen
339 4219 385 4272 des
404 4223 487 4274 Silius
505 4221 634 4274 Italicus‘¹
654 4223 743 4292 (llseld
767 4225 852 4290 1874).

607 4496 627 4543 l
