2708 4628
649 189 720 269 'io

128 414 170 476 At
191 414 216 479 si
237 415 335 476 Livius
354 419 384 474 et
404 414 541 486 Polybius
563 419 662 487 aperte
689 415 767 472 iutei
789 429 820 473 se
849 417 1075 486 pugnantium
1100 403 1216 486 quidem
1239 431 1275 474 ex

130 516 275 596 communi
302 513 382 574 fonte
410 531 470 574 non
497 519 655 587 potnerunt
682 507 807 572 haurire.
852 512 939 574 Velut
963 513 988 572 si
1015 514 1171 572 contuleris
1190 531 1274 587 qnae

95 671 100 678 .
129 617 208 690 apud
227 615 340 675 Livium
368 618 406 672 21
420 633 426 647 ·
439 615 528 673 48·8
551 614 661 686 scripta
680 617 761 673 sunt:
793 630 866 688 ,uec
887 611 988 692 procul
1024 612 1092 671 inde
1124 611 1273 672 Hannibal

87 774 93 779 .
130 733 196 776 cum
216 716 402 788 consedisset,
431 719 573 788 quantum
597 714 719 775 victoria
740 716 867 788 equestri
887 714 989 785 elatus,
1018 716 1132 771 tantum
1154 708 1274 770 camino

118 809 248 894 ,inopia
270 831 344 887 quae
363 809 424 894 per
444 807 575 872 bostium
597 831 691 894 agros
706 819 820 873 euntem
840 822 979 886 nusquam
996 814 1179 883 praeparatis
1195 827 1272 870 com·

129 914 269 973 meatibus
290 916 383 973 maior
403 916 435 974 in
456 913 517 973 dies
538 913 730 988 excipiebat“,
754 920 783 973 et
806 930 850 990 ea,
879 930 953 987 quae
975 910 1112 983 Polybius
1135 912 1223 970 3168
1237 912 1276 969 ·8

130 1015 236 1073 ceteris
256 1015 344 1074 rebus
365 1031 429 1073 curu
450 1013 532 1072 Livio
553 1015 709 1072 concinens
741 1016 831 1074 tradit
853 1002 1025 1090 »Ἀννίβας
1051 1007 1088 1069 δὲ
1111 1007 1183 1088 περὶ
1203 1027 1277 1069 τετ-

129 1099 325 1190 ταράκοντα
346 1106 510 1177 orubione
527 1099 685 1183 ἀνοοχνίν
704 1110 768 1171 τῶν
782 1108 948 1187 πολεμίων
961 1104 1068 1171 αὐτοῦ
1086 1123 1275 1189 κατεστρα-

130 1208 328 1279 consuebas,
352 1202 390 1271 το“
413 1205 692 1270 nonnullarum
711 1208 843 1286 πλῆθος
859 1195 897 1272 τί
912 1199 956 1270 τοὶ
966 1207 1067 1272 nebia
1081 1209 1275 1282 κντοικοῦν,

131 1296 362 1386 οννεξεστηκός
398 1313 483 1377 tocie
515 1306 580 1369 scio
608 1305 859 1389 Καρχηδονίων
897 1308 1013 1385 ἐλπίσι,
1059 1308 1278 1393 δαψιλῶς

130 1407 220 1486 μίν,
250 1399 478 1490 ἐχορήγει
521 1404 570 1470 τό
614 1401 937 1488 στρατόπεδον
979 1417 1080 1480 τοῖς
1117 1410 1275 1484 ἐπιτη-

123 1505 297 1579 δείοις,
319 1496 512 1584 ἕτοιμον
527 1494 599 1583 δ’ἦν
620 1497 779 1578 παντὸς
801 1519 1030 1572 κοινωνεῖν
1050 1508 1184 1592 ἔργον
1206 1509 1275 1570 καὶ
1345 1500 1346 1504 ’

131 1599 361 1671 κινδύνου
392 1610 494 1677 τοῖς
525 1606 627 1689 περὶ
649 1595 721 1669 τὸν
752 1602 1000 1689 Mantuam,
1037 1631 1125 1688 quam
1154 1612 1276 1692 mediam

130 1713 207 1772 inter
229 1711 340 1771 Livium
371 1716 401 1770 et
426 1708 577 1782 Polybium
607 1712 787 1771 memoriam.
803 1711 881 1783 apud
912 1730 1092 1773 communem
1130 1719 1276 1774 auctorem

131 1813 261 1872 extitisse
291 1808 391 1870 dicas?
433 1810 536 1868 Nonne
565 1810 707 1870 concedas
736 1827 851 1870 necesse
881 1817 934 1884 est,
968 1814 1080 1872 Livium
1108 1813 1196 1870 nimio
1218 1813 1275 1874 Ro·

130 1929 281 1972 manorum
302 1909 397 1970 studio
418 1909 567 1969 inductum
589 1928 624 1970 ea
637 1912 772 1986 tacuisse,
794 1929 868 1985 quae
884 1913 961 1986 apud
983 1911 1134 1986 Polybium
1149 1912 1274 1987 legisset,

130 2017 161 2072 et
192 2013 229 2071 dc
263 2011 405 2071 industria
436 2010 487 2068 illa
520 2012 667 2072 contraria
695 2017 747 2071 aut
770 2013 876 2086 ,ipsum
898 2010 1012 2073 finxisse
1042 1990 1092 2072 aut
1112 2011 1188 2087 quod
1208 2032 1276 2075 voro

130 2115 249 2187 propius
277 2116 331 2184 est,
358 2128 393 2172 en
414 2116 531 2172 auctore
554 2113 686 2173 Romano
708 2114 886 2187 arripuisse?
928 2101 992 2175 Hae
1007 2116 1094 2189 igitur
1109 2114 1275 2186 discrepan-

131 2214 342 2284 bouquetum
371 2227 508 2270 numerus
540 2213 618 2272 baud
648 2230 752 2287 paruus
774 2220 818 2274 est
836 2214 867 2291 ¹),
901 2232 964 2273 cum
986 2231 1044 2273 non
1073 2214 1276 2288 neglegentiae

132 2310 316 2385 autPolybii
337 2318 388 2384 aut
408 2313 483 2373 Livii
505 2312 674 2387 debeantur,
704 2315 755 2374 sed
776 2332 794 2373 a
815 2323 897 2375 certa
917 2317 1030 2374 ratione
1051 2320 1188 2388 certoque
1210 2328 1278 2370 con-

130 2411 196 2470 silio
217 2411 365 2486 proiectae
398 2412 466 2482 sint,
499 2430 664 2489 quanquam
695 2420 817 2486 propter
847 2415 912 2472 illas
942 2415 1018 2488 ipsas
1047 2414 1102 2471 viri
1130 2413 1208 2471 docti
1241 2410 1279 2469 ad

131 2528 312 2572 communem
333 2509 448 2582 Polybii
478 2516 508 2570 et
527 2512 603 2571 Liuii
625 2517 773 2572 auctorem
797 2512 999 2590 confugerunt,
1029 2518 1127 2599 tamen
1149 2512 1204 2570 hoc
1231 2528 1278 2568 ar·-

130 2611 221 2673 tifioio
243 2631 301 2672 nou
322 2610 436 2672 facilius
464 2615 645 2687 explicantur
673 2631 760 2688 quam
790 2614 815 2673 si
835 2613 947 2673 Liuium
968 2614 1032 2686 ipso
1053 2611 1174 2686 Polybio
1196 2627 1277 2670 usum

130 2730 190 2774 esse
218 2713 386 2773 iudicamus.
430 2713 624 2785 Quamobrem
646 2731 710 2774 cum
732 2714 839 2774 nullam
860 2718 958 2786 aptam
980 2729 1093 2772 causam
1119 2712 1275 2780 videamus,

129 2833 181 2875 cur
202 2814 353 2888 Polybium
374 2818 404 2872 et
425 2814 538 2873 Livium
559 2833 594 2872 ex
617 2816 757 2873 communi
779 2830 862 2886 quem
878 2814 977 2871 dicunt
1000 2811 1081 2871 fonte
1106 2811 1277 2878 derivemus,

130 2917 204 2976 banc
225 2915 389 2987 opinionem
411 2931 469 2972 non
492 2916 612 2988 amplius
631 2912 808 2974 curabimus.

614 3113 785 3123 w

213 3283 277 3362 Age
293 3298 369 3358 uero,
391 3299 455 3347 cum
470 3300 564 3358 neque
586 3283 623 3344 ab
644 3283 696 3354 eis,
719 3278 894 3355 quiLivium
915 3277 1041 3338 inlibris
1063 3276 1135 3334 XXI
1148 3281 1177 3333 et
1191 3273 1276 3331 XXII

130 3386 252 3461 Polybio
272 3364 355 3446 usum
376 3402 441 3445 esse
463 3392 579 3460 negant,
602 3392 697 3455 neque
726 3380 761 3441 ab
791 3381 843 3452 eis,
873 3380 922 3452 qui
950 3382 1103 3449 utrumque
1132 3379 1278 3434 auctorem

129 3489 293 3548 communis
306 3486 452 3546 cuiusdam
472 3485 551 3545 ducis
565 3485 687 3558 uestigia
709 3482 883 3555 expressisse
905 3477 1089 3549 contendunt,
1111 3473 1276 3548 probabiles

130 3588 285 3647 causacio
314 3585 440 3645 medium
469 3585 599 3658 prolatae
627 3586 693 3656 sint,
724 3581 792 3655 quid
817 3580 921 3651 obstat,
953 3578 1103 3650 quominus
1126 3574 1277 3647 Polybium

128 3705 147 3748 a
170 3687 252 3746 Livio
272 3688 303 3746 in
324 3701 407 3745 usum
434 3690 565 3746 vocatum
591 3700 654 3743 esse
683 3680 800 3743 diuam?
832 3680 1006 3755 praesertim
1036 3693 1099 3736 cum
1121 3673 1278 3733 nonnullae

129 3803 187 3854 res,
215 3786 283 3846 dum
305 3787 418 3846 Livium
446 3785 611 3859 diligentius
639 3785 705 3858 lego
729 3788 758 3842 et
788 3799 853 3842 cum
878 3778 999 3852 Polybio
1027 3792 1171 3849 comparo,
1201 3774 1277 3832 hano

130 3889 306 3948 sententiam
327 3887 397 3947 mihi
419 3885 660 3948 confirmaverint.

132 4042 381 4052 ——u-—n

200 4135 221 4203 ¹)
240 4137 339 4188 Multas
361 4132 494 4202 congessit
511 4130 649 4186 Woelfflin
669 4133 697 4182 iu
716 4128 832 4182 editione
850 4130 915 4180 libri
939 4128 1003 4176 lllll
1029 4123 1066 4192 (p.
1095 4121 1167 4186 XX).
1210 4121 1276 4173 (ium

130 4230 221 4276 nostro
238 4223 297 4275 loco
316 4224 350 4275 oi.
368 4223 425 4275 Pol.
445 4223 525 4273 3-66·
539 4225 592 4273 6·i
613 4224 638 4271 at
657 4217 717 4268 Liv.
737 4215 869 4268 ‘ai-474.
1063 4295 1079 4330 *

1034 4301 1052 4360 2
