<?xml version="1.0" encoding="UTF-8"?>
<!DOCTYPE html PUBLIC "-//W3C//DTD XHTML 1.0 Transitional//EN"
    "http://www.w3.org/TR/xhtml1/DTD/xhtml1-transitional.dtd">
<html xmlns="http://www.w3.org/1999/xhtml" xml:lang="en" lang="en">
 <head>
  <title>
</title>
<meta http-equiv="Content-Type" content="text/html;charset=utf-8" />
  <meta name='ocr-system' content='tesseract 3.04.00' />
  <meta name='ocr-capabilities' content='ocr_page ocr_carea ocr_par ocr_line ocrx_word'/>
</head>
<body>
  <div class='ocr_page' id='page_1' title='image "./defontibuslibro00lutegoog_0018.png"; bbox 0 0 2708 4628; ppageno 0'>
   <div class='ocr_carea' id='block_1_1' title="bbox 98 184 1279 1058">
    <p class='ocr_par' dir='ltr' id='par_1_1' title="bbox 98 184 1279 1058">
     <span class='ocr_line' id='line_1_1' title="bbox 601 184 745 274; baseline 0 -2"><span class='ocrx_word' id='word_1_1' title='bbox 601 184 745 274; x_wconf 61' lang='grc'><em>...9,-</em></span> 
     </span>
     <span class='ocr_line' id='line_1_2' title="bbox 102 372 1249 456; baseline -0.005 -11"><span class='ocrx_word' id='word_1_2' title='bbox 102 373 269 445; x_wconf 83' lang='lat' dir='ltr'>ahctoribns</span> <span class='ocrx_word' id='word_1_3' title='bbox 290 384 455 456; x_wconf 89' lang='lat' dir='ltr'>utebantur,</span> <span class='ocrx_word' id='word_1_4' title='bbox 478 385 603 442; x_wconf 88' lang='lat' dir='ltr'>maiores</span> <span class='ocrx_word' id='word_1_5' title='bbox 625 381 811 456; x_wconf 85' lang='lat' dir='ltr'>difficultates</span> <span class='ocrx_word' id='word_1_6' title='bbox 831 381 987 441; x_wconf 80' lang='lat' dir='ltr'>obstabant</span> <span class='ocrx_word' id='word_1_7' title='bbox 1016 397 1099 456; x_wconf 89' lang='lat' dir='ltr'>quam</span> <span class='ocrx_word' id='word_1_8' title='bbox 1128 372 1249 452; x_wconf 84' lang='lat' dir='ltr'>nostris,¹</span> 
     </span>
     <span class='ocr_line' id='line_1_3' title="bbox 103 480 1247 556; baseline -0.003 -14"><span class='ocrx_word' id='word_1_9' title='bbox 103 486 145 543; x_wconf 87' lang='lat' dir='ltr'>lta</span> <span class='ocrx_word' id='word_1_10' title='bbox 168 486 254 544; x_wconf 90' lang='lat' dir='ltr'>etiam</span> <span class='ocrx_word' id='word_1_11' title='bbox 278 483 447 556; x_wconf 87' lang='lat' dir='ltr'>disciplinae</span> <span class='ocrx_word' id='word_1_12' title='bbox 469 489 498 542; x_wconf 91' lang='lat' dir='ltr'>et</span> <span class='ocrx_word' id='word_1_13' title='bbox 519 487 606 553; x_wconf 82' lang='lat' dir='ltr'>artes,</span> <span class='ocrx_word' id='word_1_14' title='bbox 632 480 734 554; x_wconf 89' lang='lat' dir='ltr'>quibus</span> <span class='ocrx_word' id='word_1_15' title='bbox 756 483 889 540; x_wconf 74' lang='lat' dir='ltr'>instructi</span> <span class='ocrx_word' id='word_1_16' title='bbox 912 487 996 542; x_wconf 92' lang='lat' dir='ltr'>erant</span> <span class='ocrx_word' id='word_1_17' title='bbox 1017 482 1046 539; x_wconf 91' lang='lat' dir='ltr'>in</span> <span class='ocrx_word' id='word_1_18' title='bbox 1069 480 1154 541; x_wconf 87' lang='lat' dir='ltr'>rebus</span> <span class='ocrx_word' id='word_1_19' title='bbox 1175 481 1247 539; x_wconf 89' lang='lat' dir='ltr'>scri-</span> 
     </span>
     <span class='ocr_line' id='line_1_4' title="bbox 103 580 1248 669; baseline -0.003 -26"><span class='ocrx_word' id='word_1_20' title='bbox 103 585 203 669; x_wconf 75' lang='lat' dir='ltr'>bendis</span> <span class='ocrx_word' id='word_1_21' title='bbox 223 585 321 652; x_wconf 85' lang='lat' dir='ltr'>minus</span> <span class='ocrx_word' id='word_1_22' title='bbox 346 583 501 654; x_wconf 86' lang='lat' dir='ltr'>adiumenti</span> <span class='ocrx_word' id='word_1_23' title='bbox 529 583 570 641; x_wconf 92' lang='lat' dir='ltr'>eis</span> <span class='ocrx_word' id='word_1_24' title='bbox 597 581 785 656; x_wconf 87' lang='lat' dir='ltr'>praebebant.</span> <span class='ocrx_word' id='word_1_25' title='bbox 822 581 883 640; x_wconf 91' lang='lat' dir='ltr'>Iam</span> <span class='ocrx_word' id='word_1_26' title='bbox 916 597 953 639; x_wconf 92' lang='lat' dir='ltr'>ne</span> <span class='ocrx_word' id='word_1_27' title='bbox 986 580 1130 639; x_wconf 87' lang='lat' dir='ltr'>conferam</span> <span class='ocrx_word' id='word_1_28' title='bbox 1160 581 1248 654; x_wconf 91' lang='lat' dir='ltr'>longe</span> 
     </span>
     <span class='ocr_line' id='line_1_5' title="bbox 104 680 1249 756; baseline -0.002 -14"><span class='ocrx_word' id='word_1_29' title='bbox 104 685 247 744; x_wconf 87' lang='lat' dir='ltr'>diversam</span> <span class='ocrx_word' id='word_1_30' title='bbox 276 701 385 756; x_wconf 83' lang='lat' dir='ltr'>eorum,</span> <span class='ocrx_word' id='word_1_31' title='bbox 416 684 463 756; x_wconf 89' lang='lat' dir='ltr'>qui</span> <span class='ocrx_word' id='word_1_32' title='bbox 492 683 602 741; x_wconf 89' lang='lat' dir='ltr'>nostris</span> <span class='ocrx_word' id='word_1_33' title='bbox 623 680 801 754; x_wconf 84' lang='lat' dir='ltr'>temporibus</span> <span class='ocrx_word' id='word_1_34' title='bbox 829 681 866 740; x_wconf 92' lang='lat' dir='ltr'>ad</span> <span class='ocrx_word' id='word_1_35' title='bbox 887 680 1025 740; x_wconf 83' lang='lat' dir='ltr'>historiae</span> <span class='ocrx_word' id='word_1_36' title='bbox 1057 681 1249 754; x_wconf 80' lang='lat' dir='ltr'>cognitionem</span> 
     </span>
     <span class='ocr_line' id='line_1_6' title="bbox 102 779 1250 858; baseline -0.004 -16"><span class='ocrx_word' id='word_1_37' title='bbox 102 801 133 842; x_wconf 88' lang='lat' dir='ltr'>se</span> <span class='ocrx_word' id='word_1_38' title='bbox 161 782 321 858; x_wconf 85' lang='lat' dir='ltr'>conferunt,</span> <span class='ocrx_word' id='word_1_39' title='bbox 340 783 482 842; x_wconf 88' lang='lat' dir='ltr'>rationem</span> <span class='ocrx_word' id='word_1_40' title='bbox 504 781 664 840; x_wconf 88' lang='lat' dir='ltr'>studiorum</span> <span class='ocrx_word' id='word_1_41' title='bbox 686 781 752 840; x_wconf 93' lang='lat' dir='ltr'>inde</span> <span class='ocrx_word' id='word_1_42' title='bbox 775 798 793 839; x_wconf 89' lang='lat' dir='ltr'>a</span> <span class='ocrx_word' id='word_1_43' title='bbox 814 783 910 854; x_wconf 90' lang='lat' dir='ltr'>pueris</span> <span class='ocrx_word' id='word_1_44' title='bbox 930 782 998 839; x_wconf 90' lang='lat' dir='ltr'>iniri</span> <span class='ocrx_word' id='word_1_45' title='bbox 1024 781 1145 857; x_wconf 83' lang='lat' dir='ltr'>solitam,</span> <span class='ocrx_word' id='word_1_46' title='bbox 1170 779 1250 854; x_wconf 91' lang='lat' dir='ltr'>apnd</span> 
     </span>
     <span class='ocr_line' id='line_1_7' title="bbox 103 880 1247 956; baseline -0.002 -14"><span class='ocrx_word' id='word_1_47' title='bbox 103 885 169 944; x_wconf 87' lang='lat' dir='ltr'>illos</span> <span class='ocrx_word' id='word_1_48' title='bbox 186 884 324 942; x_wconf 88' lang='lat' dir='ltr'>memoria</span> <span class='ocrx_word' id='word_1_49' title='bbox 334 883 466 956; x_wconf 87' lang='lat' dir='ltr'>priorum</span> <span class='ocrx_word' id='word_1_50' title='bbox 480 888 653 955; x_wconf 89' lang='lat' dir='ltr'>temporum,</span> <span class='ocrx_word' id='word_1_51' title='bbox 674 881 801 955; x_wconf 87' lang='lat' dir='ltr'>quamvis</span> <span class='ocrx_word' id='word_1_52' title='bbox 819 881 849 939; x_wconf 87' lang='lat' dir='ltr'>In</span> <span class='ocrx_word' id='word_1_53' title='bbox 869 880 943 939; x_wconf 88' lang='lat' dir='ltr'>ludis</span> <span class='ocrx_word' id='word_1_54' title='bbox 954 881 1103 939; x_wconf 88' lang='lat' dir='ltr'>rhetorum</span> <span class='ocrx_word' id='word_1_55' title='bbox 1116 884 1146 939; x_wconf 94' lang='lat' dir='ltr'>et</span> <span class='ocrx_word' id='word_1_56' title='bbox 1153 881 1247 954; x_wconf 92' lang='lat' dir='ltr'>philo·</span> 
     </span>
     <span class='ocr_line' id='line_1_8' title="bbox 98 980 1279 1058; baseline -0.003 -16"><span class='ocrx_word' id='word_1_57' title='bbox 98 984 256 1058; x_wconf 88' lang='lat' dir='ltr'>sophorum</span> <span class='ocrx_word' id='word_1_58' title='bbox 275 1000 333 1042; x_wconf 88' lang='lat' dir='ltr'>non</span> <span class='ocrx_word' id='word_1_59' title='bbox 356 983 568 1057; x_wconf 85' lang='lat' dir='ltr'>neglegeretur‚</span> <span class='ocrx_word' id='word_1_60' title='bbox 583 982 805 1040; x_wconf 82' lang='lat' dir='ltr'>mInimet-amen</span> <span class='ocrx_word' id='word_1_61' title='bbox 818 980 856 1039; x_wconf 90' lang='lat' dir='ltr'>ad</span> <span class='ocrx_word' id='word_1_62' title='bbox 872 982 1001 1039; x_wconf 89' lang='lat' dir='ltr'>criticam</span> <span class='ocrx_word' id='word_1_63' title='bbox 1022 981 1163 1040; x_wconf 85' lang='lat' dir='ltr'>rationem</span> <span class='ocrx_word' id='word_1_64' title='bbox 1184 997 1249 1040; x_wconf 88' lang='lat' dir='ltr'>cor·</span> <span class='ocrx_word' id='word_1_65' title='bbox 1277 998 1279 1004; x_wconf 93' lang='lat'>·</span> 
     </span>
    </p>
   </div>
   <div class='ocr_carea' id='block_1_2' title="bbox 71 1079 1341 1156">
    <p class='ocr_par' dir='ltr' id='par_1_2' title="bbox 71 1079 1341 1156">
     <span class='ocr_line' id='line_1_9' title="bbox 71 1079 1341 1156; baseline -0.004 -13"><span class='ocrx_word' id='word_1_66' title='bbox 71 1138 74 1143; x_wconf 92' lang='lat'>.</span> <span class='ocrx_word' id='word_1_67' title='bbox 102 1082 261 1156; x_wconf 71' lang='lat' dir='ltr'>figebatur,</span> <span class='ocrx_word' id='word_1_68' title='bbox 297 1082 349 1141; x_wconf 90' lang='lat' dir='ltr'>sed</span> <span class='ocrx_word' id='word_1_69' title='bbox 380 1082 586 1142; x_wconf 89' lang='lat' dir='ltr'>declamatorio</span> <span class='ocrx_word' id='word_1_70' title='bbox 619 1081 713 1140; x_wconf 90' lang='lat' dir='ltr'>colore</span> <span class='ocrx_word' id='word_1_71' title='bbox 743 1079 948 1139; x_wconf 78' lang='lat' dir='ltr'>exornabatur.</span> <span class='ocrx_word' id='word_1_72' title='bbox 992 1079 1150 1138; x_wconf 90' lang='lat' dir='ltr'>Praeterea</span> <span class='ocrx_word' id='word_1_73' title='bbox 1179 1084 1247 1138; x_wconf 88' lang='lat' dir='ltr'>ante</span> <span class='ocrx_word' id='word_1_74' title='bbox 1339 1119 1341 1122; x_wconf 25' lang='grc' dir='ltr'><strong><em>ι</em></strong></span> 
     </span>
    </p>
   </div>
   <div class='ocr_carea' id='block_1_3' title="bbox 101 1178 1257 2851">
    <p class='ocr_par' dir='ltr' id='par_1_3' title="bbox 101 1178 1257 2851">
     <span class='ocr_line' id='line_1_10' title="bbox 106 1178 1251 1252; baseline -0.001 -12"><span class='ocrx_word' id='word_1_75' title='bbox 106 1182 218 1241; x_wconf 86' lang='lat' dir='ltr'>Livium</span> <span class='ocrx_word' id='word_1_76' title='bbox 241 1200 324 1242; x_wconf 93' lang='lat' dir='ltr'>nemo</span> <span class='ocrx_word' id='word_1_77' title='bbox 346 1181 406 1240; x_wconf 86' lang='lat' dir='ltr'>lere</span> <span class='ocrx_word' id='word_1_78' title='bbox 436 1182 472 1240; x_wconf 88' lang='lat' dir='ltr'>ad</span> <span class='ocrx_word' id='word_1_79' title='bbox 498 1181 618 1239; x_wconf 78' lang='grc'>1111161</span> <span class='ocrx_word' id='word_1_80' title='bbox 644 1180 689 1239; x_wconf 82' lang='lat' dir='ltr'>vel</span> <span class='ocrx_word' id='word_1_81' title='bbox 714 1180 851 1239; x_wconf 87' lang='lat' dir='ltr'>historias</span> <span class='ocrx_word' id='word_1_82' title='bbox 886 1178 1051 1239; x_wconf 90' lang='lat' dir='ltr'>condendas</span> <span class='ocrx_word' id='word_1_83' title='bbox 1082 1179 1251 1252; x_wconf 63' lang='lat' dir='ltr'>accedebat</span> 
     </span>
     <span class='ocr_line' id='line_1_11' title="bbox 103 1278 1249 1355; baseline -0.001 -15"><span class='ocrx_word' id='word_1_84' title='bbox 103 1284 174 1355; x_wconf 90' lang='lat' dir='ltr'>quin</span> <span class='ocrx_word' id='word_1_85' title='bbox 195 1299 247 1355; x_wconf 88' lang='lat' dir='ltr'>per</span> <span class='ocrx_word' id='word_1_86' title='bbox 269 1283 431 1354; x_wconf 88' lang='lat' dir='ltr'>complures</span> <span class='ocrx_word' id='word_1_87' title='bbox 452 1296 543 1339; x_wconf 86' lang='lat' dir='ltr'>annos</span> <span class='ocrx_word' id='word_1_88' title='bbox 565 1278 601 1339; x_wconf 87' lang='lat' dir='ltr'>ad</span> <span class='ocrx_word' id='word_1_89' title='bbox 623 1296 683 1337; x_wconf 92' lang='lat' dir='ltr'>rem</span> <span class='ocrx_word' id='word_1_90' title='bbox 704 1278 849 1352; x_wconf 88' lang='lat' dir='ltr'>pubhcam</span> <span class='ocrx_word' id='word_1_91' title='bbox 871 1279 1076 1340; x_wconf 89' lang='lat' dir='ltr'>moderandam</span> <span class='ocrx_word' id='word_1_92' title='bbox 1098 1280 1249 1339; x_wconf 89' lang='lat' dir='ltr'>scientiam</span> 
     </span>
     <span class='ocr_line' id='line_1_12' title="bbox 102 1379 1249 1453; baseline 0 -13"><span class='ocrx_word' id='word_1_93' title='bbox 102 1389 132 1440; x_wconf 89' lang='lat' dir='ltr'>et</span> <span class='ocrx_word' id='word_1_94' title='bbox 161 1381 285 1442; x_wconf 89' lang='lat' dir='ltr'>studium</span> <span class='ocrx_word' id='word_1_95' title='bbox 313 1399 395 1441; x_wconf 92' lang='lat' dir='ltr'>sunm</span> <span class='ocrx_word' id='word_1_96' title='bbox 422 1381 498 1440; x_wconf 94' lang='lat' dir='ltr'>domi</span> <span class='ocrx_word' id='word_1_97' title='bbox 526 1379 701 1453; x_wconf 88' lang='lat' dir='ltr'>militiaeque</span> <span class='ocrx_word' id='word_1_98' title='bbox 734 1381 912 1439; x_wconf 86' lang='lat' dir='ltr'>contulisset.</span> <span class='ocrx_word' id='word_1_99' title='bbox 940 1381 986 1439; x_wconf 89' lang='lat' dir='ltr'>Ita</span> <span class='ocrx_word' id='word_1_100' title='bbox 1016 1379 1113 1450; x_wconf 87' lang='lat' dir='ltr'>fiebat,</span> <span class='ocrx_word' id='word_1_101' title='bbox 1143 1386 1176 1439; x_wconf 90' lang='lat' dir='ltr'>ut</span> <span class='ocrx_word' id='word_1_102' title='bbox 1205 1382 1249 1440; x_wconf 91' lang='lat' dir='ltr'>illi</span> 
     </span>
     <span class='ocr_line' id='line_1_13' title="bbox 103 1478 1248 1557; baseline 0 -18"><span class='ocrx_word' id='word_1_103' title='bbox 103 1498 176 1553; x_wconf 88' lang='lat' dir='ltr'>qnae</span> <span class='ocrx_word' id='word_1_104' title='bbox 198 1499 216 1541; x_wconf 91' lang='lat' dir='ltr'>a</span> <span class='ocrx_word' id='word_1_105' title='bbox 237 1499 333 1541; x_wconf 91' lang='lat' dir='ltr'>rernm</span> <span class='ocrx_word' id='word_1_106' title='bbox 357 1480 544 1554; x_wconf 82' lang='lat' dir='ltr'>scriptoribus</span> <span class='ocrx_word' id='word_1_107' title='bbox 572 1479 728 1538; x_wconf 83' lang='lat' dir='ltr'>memoriae</span> <span class='ocrx_word' id='word_1_108' title='bbox 743 1480 865 1553; x_wconf 90' lang='lat' dir='ltr'>prodita</span> <span class='ocrx_word' id='word_1_109' title='bbox 886 1485 982 1539; x_wconf 89' lang='lat' dir='ltr'>essent</span> <span class='ocrx_word' id='word_1_110' title='bbox 1002 1480 1046 1538; x_wconf 88' lang='lat' dir='ltr'>vel</span> <span class='ocrx_word' id='word_1_111' title='bbox 1076 1497 1149 1557; x_wconf 90' lang='lat' dir='ltr'>quae</span> <span class='ocrx_word' id='word_1_112' title='bbox 1171 1478 1248 1539; x_wconf 87' lang='lat' dir='ltr'>fama</span> 
     </span>
     <span class='ocr_line' id='line_1_14' title="bbox 102 1578 1248 1655; baseline 0.003 -17"><span class='ocrx_word' id='word_1_113' title='bbox 102 1580 322 1655; x_wconf 77' lang='lat' dir='ltr'>tumoribusque</span> <span class='ocrx_word' id='word_1_114' title='bbox 343 1583 532 1654; x_wconf 83' lang='lat' dir='ltr'>accepissent,</span> <span class='ocrx_word' id='word_1_115' title='bbox 554 1595 611 1638; x_wconf 90' lang='lat' dir='ltr'>non</span> <span class='ocrx_word' id='word_1_116' title='bbox 631 1578 736 1638; x_wconf 89' lang='lat' dir='ltr'>iudicio</span> <span class='ocrx_word' id='word_1_117' title='bbox 759 1581 874 1654; x_wconf 90' lang='lat' dir='ltr'>integro</span> <span class='ocrx_word' id='word_1_118' title='bbox 896 1582 1093 1640; x_wconf 78' lang='lat' dir='ltr'>examinarent</span> <span class='ocrx_word' id='word_1_119' title='bbox 1125 1587 1154 1638; x_wconf 93' lang='lat' dir='ltr'>et</span> <span class='ocrx_word' id='word_1_120' title='bbox 1182 1599 1248 1654; x_wconf 90' lang='lat' dir='ltr'>per-</span> 
     </span>
     <span class='ocr_line' id='line_1_15' title="bbox 104 1679 1246 1753; baseline 0.002 -14"><span class='ocrx_word' id='word_1_121' title='bbox 104 1686 262 1753; x_wconf 85' lang='lat' dir='ltr'>censerent,</span> <span class='ocrx_word' id='word_1_122' title='bbox 285 1681 336 1740; x_wconf 91' lang='lat' dir='ltr'>sed</span> <span class='ocrx_word' id='word_1_123' title='bbox 365 1682 402 1741; x_wconf 90' lang='lat' dir='ltr'>ad</span> <span class='ocrx_word' id='word_1_124' title='bbox 426 1680 573 1739; x_wconf 90' lang='lat' dir='ltr'>rhetorum</span> <span class='ocrx_word' id='word_1_125' title='bbox 602 1686 759 1752; x_wconf 89' lang='lat' dir='ltr'>praecepta</span> <span class='ocrx_word' id='word_1_126' title='bbox 791 1680 912 1753; x_wconf 85' lang='lat' dir='ltr'>caligine</span> <span class='ocrx_word' id='word_1_127' title='bbox 939 1683 1034 1753; x_wconf 92' lang='lat' dir='ltr'>potins</span> <span class='ocrx_word' id='word_1_128' title='bbox 1061 1679 1246 1748; x_wconf 86' lang='lat' dir='ltr'>obducerent,</span> 
     </span>
     <span class='ocr_line' id='line_1_16' title="bbox 103 1779 1245 1852; baseline 0 -14"><span class='ocrx_word' id='word_1_129' title='bbox 103 1797 196 1852; x_wconf 82' lang='lat' dir='ltr'>neque</span> <span class='ocrx_word' id='word_1_130' title='bbox 227 1782 314 1840; x_wconf 90' lang='lat' dir='ltr'>totius</span> <span class='ocrx_word' id='word_1_131' title='bbox 342 1780 439 1840; x_wconf 90' lang='lat' dir='ltr'>mundi</span> <span class='ocrx_word' id='word_1_132' title='bbox 468 1797 498 1839; x_wconf 90' lang='lat' dir='ltr'>se</span> <span class='ocrx_word' id='word_1_133' title='bbox 527 1779 636 1838; x_wconf 88' lang='lat' dir='ltr'>incolas</span> <span class='ocrx_word' id='word_1_134' title='bbox 669 1784 698 1838; x_wconf 95' lang='grc'>61</span> <span class='ocrx_word' id='word_1_135' title='bbox 731 1779 807 1838; x_wconf 84' lang='lat' dir='ltr'>cives</span> <span class='ocrx_word' id='word_1_136' title='bbox 837 1795 901 1837; x_wconf 91' lang='lat' dir='ltr'>esse</span> <span class='ocrx_word' id='word_1_137' title='bbox 934 1780 1168 1851; x_wconf 80' lang='lat' dir='ltr'>recordarentur,</span> <span class='ocrx_word' id='word_1_138' title='bbox 1195 1779 1245 1840; x_wconf 87' lang='lat' dir='ltr'>sed</span> 
     </span>
     <span class='ocr_line' id='line_1_17' title="bbox 103 1877 1175 1954; baseline -0.002 -16"><span class='ocrx_word' id='word_1_139' title='bbox 103 1879 300 1940; x_wconf 89' lang='lat' dir='ltr'>Romanorum</span> <span class='ocrx_word' id='word_1_140' title='bbox 321 1885 420 1954; x_wconf 89' lang='lat' dir='ltr'>partes</span> <span class='ocrx_word' id='word_1_141' title='bbox 440 1885 630 1952; x_wconf 89' lang='lat' dir='ltr'>sequerentur</span> <span class='ocrx_word' id='word_1_142' title='bbox 647 1877 697 1945; x_wconf 9' lang='lat' dir='ltr'>‘vel</span> <span class='ocrx_word' id='word_1_143' title='bbox 719 1878 821 1937; x_wconf 88' lang='lat' dir='ltr'>studiis</span> <span class='ocrx_word' id='word_1_144' title='bbox 843 1878 972 1939; x_wconf 86' lang='lat' dir='ltr'>civilibus</span> <span class='ocrx_word' id='word_1_145' title='bbox 995 1878 1175 1938; x_wconf 85' lang='lat' dir='ltr'>ducerentur.</span> 
     </span>
     <span class='ocr_line' id='line_1_18' title="bbox 184 1964 1245 2051; baseline 0 -13"><span class='ocrx_word' id='word_1_146' title='bbox 184 1980 379 2039; x_wconf 88' lang='lat' dir='ltr'>Historiarum</span> <span class='ocrx_word' id='word_1_147' title='bbox 409 1964 488 2038; x_wconf 86' lang='lat' dir='ltr'>enim</span> <span class='ocrx_word' id='word_1_148' title='bbox 522 1978 732 2038; x_wconf 89' lang='lat' dir='ltr'>confectionem</span> <span class='ocrx_word' id='word_1_149' title='bbox 766 1977 843 2051; x_wconf 90' lang='lat' dir='ltr'>apud</span> <span class='ocrx_word' id='word_1_150' title='bbox 872 1976 1017 2043; x_wconf 87' lang='lat' dir='ltr'>Romanos</span> <span class='ocrx_word' id='word_1_151' title='bbox 1047 1980 1090 2037; x_wconf 93' lang='lat' dir='ltr'>rei</span> <span class='ocrx_word' id='word_1_152' title='bbox 1111 1978 1245 2051; x_wconf 88' lang='lat' dir='ltr'>publicae</span> 
     </span>
     <span class='ocr_line' id='line_1_19' title="bbox 101 2078 1245 2153; baseline 0.003 -15"><span class='ocrx_word' id='word_1_153' title='bbox 101 2079 256 2140; x_wconf 89' lang='lat' dir='ltr'>commodis</span> <span class='ocrx_word' id='word_1_154' title='bbox 281 2080 443 2140; x_wconf 89' lang='lat' dir='ltr'>inserviisse</span> <span class='ocrx_word' id='word_1_155' title='bbox 474 2080 574 2152; x_wconf 87' lang='lat' dir='ltr'>idque·</span> <span class='ocrx_word' id='word_1_156' title='bbox 595 2080 782 2153; x_wconf 89' lang='lat' dir='ltr'>praecipuum</span> <span class='ocrx_word' id='word_1_157' title='bbox 802 2078 890 2137; x_wconf 90' lang='lat' dir='ltr'>fuisse</span> <span class='ocrx_word' id='word_1_158' title='bbox 918 2078 1121 2139; x_wconf 89' lang='lat' dir='ltr'>historicorum</span> <span class='ocrx_word' id='word_1_159' title='bbox 1152 2083 1245 2141; x_wconf 90' lang='lat' dir='ltr'>consi·</span> 
     </span>
     <span class='ocr_line' id='line_1_20' title="bbox 102 2179 1247 2252; baseline 0.001 -14"><span class='ocrx_word' id='word_1_160' title='bbox 102 2180 183 2252; x_wconf 85' lang='lat' dir='ltr'>lium,</span> <span class='ocrx_word' id='word_1_161' title='bbox 206 2186 239 2238; x_wconf 89' lang='lat' dir='ltr'>ut</span> <span class='ocrx_word' id='word_1_162' title='bbox 260 2183 377 2240; x_wconf 84' lang='lat' dir='ltr'>invenes</span> <span class='ocrx_word' id='word_1_163' title='bbox 399 2182 540 2239; x_wconf 92' lang='lat' dir='ltr'>maiorum</span> <span class='ocrx_word' id='word_1_164' title='bbox 561 2180 681 2252; x_wconf 81' lang='lat' dir='ltr'>virtutes</span> <span class='ocrx_word' id='word_1_165' title='bbox 702 2180 915 2238; x_wconf 89' lang='lat' dir='ltr'>aemularentur</span> <span class='ocrx_word' id='word_1_166' title='bbox 937 2195 973 2237; x_wconf 83' lang='lat' dir='ltr'>ex</span> <span class='ocrx_word' id='word_1_167' title='bbox 993 2196 1027 2239; x_wconf 94' lang='lat' dir='ltr'>eo</span> <span class='ocrx_word' id='word_1_168' title='bbox 1048 2181 1110 2252; x_wconf 88' lang='lat' dir='ltr'>ipso</span> <span class='ocrx_word' id='word_1_169' title='bbox 1134 2179 1247 2239; x_wconf 89' lang='lat' dir='ltr'>intelle·</span> 
     </span>
     <span class='ocr_line' id='line_1_21' title="bbox 103 2278 1246 2353; baseline 0 -15"><span class='ocrx_word' id='word_1_170' title='bbox 103 2282 191 2353; x_wconf 82' lang='lat' dir='ltr'>gitur,</span> <span class='ocrx_word' id='word_1_171' title='bbox 215 2280 290 2353; x_wconf 91' lang='lat' dir='ltr'>quod</span> <span class='ocrx_word' id='word_1_172' title='bbox 312 2297 378 2339; x_wconf 89' lang='lat' dir='ltr'>sero</span> <span class='ocrx_word' id='word_1_173' title='bbox 400 2281 523 2340; x_wconf 87' lang='lat' dir='ltr'>aliarum</span> <span class='ocrx_word' id='word_1_174' title='bbox 544 2281 673 2352; x_wconf 89' lang='lat' dir='ltr'>gentium</span> <span class='ocrx_word' id='word_1_175' title='bbox 688 2279 844 2337; x_wconf 89' lang='lat' dir='ltr'>memoriae</span> <span class='ocrx_word' id='word_1_176' title='bbox 856 2278 972 2338; x_wconf 91' lang='lat' dir='ltr'>studere</span> <span class='ocrx_word' id='word_1_177' title='bbox 988 2286 1152 2352; x_wconf 89' lang='lat' dir='ltr'>coeperunt.</span> <span class='ocrx_word' id='word_1_178' title='bbox 1175 2279 1246 2338; x_wconf 81' lang='lat' dir='ltr'>Cum</span> 
     </span>
     <span class='ocr_line' id='line_1_22' title="bbox 104 2378 1246 2454; baseline -0.001 -17"><span class='ocrx_word' id='word_1_179' title='bbox 104 2396 134 2438; x_wconf 91' lang='lat' dir='ltr'>se</span> <span class='ocrx_word' id='word_1_180' title='bbox 148 2381 203 2451; x_wconf 89' lang='lat' dir='ltr'>ipsi</span> <span class='ocrx_word' id='word_1_181' title='bbox 216 2381 374 2454; x_wconf 86' lang='lat' dir='ltr'>prinprem</span> <span class='ocrx_word' id='word_1_182' title='bbox 400 2387 545 2438; x_wconf 89' lang='lat' dir='ltr'>terrarum</span> <span class='ocrx_word' id='word_1_183' title='bbox 563 2378 700 2452; x_wconf 90' lang='lat' dir='ltr'>populum</span> <span class='ocrx_word' id='word_1_184' title='bbox 722 2395 783 2437; x_wconf 88' lang='lat' dir='ltr'>esse</span> <span class='ocrx_word' id='word_1_185' title='bbox 805 2379 967 2452; x_wconf 70' lang='lat' dir='ltr'>crederent,</span> <span class='ocrx_word' id='word_1_186' title='bbox 989 2380 1130 2452; x_wconf 90' lang='lat' dir='ltr'>inprimis</span> <span class='ocrx_word' id='word_1_187' title='bbox 1148 2396 1246 2439; x_wconf 86' lang='lat' dir='ltr'>rernm</span> 
     </span>
     <span class='ocr_line' id='line_1_23' title="bbox 103 2477 1246 2553; baseline 0 -15"><span class='ocrx_word' id='word_1_188' title='bbox 103 2496 121 2538; x_wconf 90' lang='lat' dir='ltr'>a</span> <span class='ocrx_word' id='word_1_189' title='bbox 142 2480 249 2552; x_wconf 89' lang='lat' dir='ltr'>populo</span> <span class='ocrx_word' id='word_1_190' title='bbox 271 2480 402 2540; x_wconf 89' lang='lat' dir='ltr'>Romano</span> <span class='ocrx_word' id='word_1_191' title='bbox 424 2485 572 2553; x_wconf 85' lang='lat' dir='ltr'>gestarum</span> <span class='ocrx_word' id='word_1_192' title='bbox 592 2478 749 2536; x_wconf 89' lang='lat' dir='ltr'>memoriae</span> <span class='ocrx_word' id='word_1_193' title='bbox 771 2478 881 2537; x_wconf 90' lang='lat' dir='ltr'>consuli</span> <span class='ocrx_word' id='word_1_194' title='bbox 906 2477 1049 2549; x_wconf 85' lang='lat' dir='ltr'>volebant,</span> <span class='ocrx_word' id='word_1_195' title='bbox 1080 2495 1171 2551; x_wconf 90' lang='lat' dir='ltr'>neque</span> <span class='ocrx_word' id='word_1_196' title='bbox 1201 2479 1246 2539; x_wconf 92' lang='lat' dir='ltr'>hi·</span> 
     </span>
     <span class='ocr_line' id='line_1_24' title="bbox 103 2578 1257 2658; baseline -0.001 -20"><span class='ocrx_word' id='word_1_197' title='bbox 103 2580 274 2638; x_wconf 90' lang='lat' dir='ltr'>storicorum</span> <span class='ocrx_word' id='word_1_198' title='bbox 293 2579 323 2638; x_wconf 94' lang='lat' dir='ltr'>id</span> <span class='ocrx_word' id='word_1_199' title='bbox 350 2581 447 2652; x_wconf 90' lang='lat' dir='ltr'>potius</span> <span class='ocrx_word' id='word_1_200' title='bbox 468 2578 619 2638; x_wconf 88' lang='lat' dir='ltr'>videbatur</span> <span class='ocrx_word' id='word_1_201' title='bbox 643 2593 716 2652; x_wconf 89' lang='lat' dir='ltr'>esse,</span> <span class='ocrx_word' id='word_1_202' title='bbox 738 2582 771 2635; x_wconf 91' lang='lat' dir='ltr'>ut</span> <span class='ocrx_word' id='word_1_203' title='bbox 788 2578 941 2640; x_wconf 54' lang='lat' dir='ltr'>,veritatem</span> <span class='ocrx_word' id='word_1_204' title='bbox 963 2582 1083 2652; x_wconf 91' lang='lat' dir='ltr'>propter</span> <span class='ocrx_word' id='word_1_205' title='bbox 1105 2594 1135 2637; x_wconf 91' lang='lat' dir='ltr'>se</span> <span class='ocrx_word' id='word_1_206' title='bbox 1154 2580 1257 2658; x_wconf 40' lang='lat' dir='ltr'>ipsam,</span> 
     </span>
     <span class='ocr_line' id='line_1_25' title="bbox 103 2676 1248 2753; baseline 0.002 -17"><span class='ocrx_word' id='word_1_207' title='bbox 103 2676 271 2753; x_wconf 78' lang='lat' dir='ltr'>indagatam</span> <span class='ocrx_word' id='word_1_208' title='bbox 310 2678 470 2747; x_wconf 89' lang='lat' dir='ltr'>traderent,</span> <span class='ocrx_word' id='word_1_209' title='bbox 505 2695 590 2752; x_wconf 89' lang='lat' dir='ltr'>quam</span> <span class='ocrx_word' id='word_1_210' title='bbox 611 2683 644 2735; x_wconf 90' lang='lat' dir='ltr'>ut</span> <span class='ocrx_word' id='word_1_211' title='bbox 665 2678 763 2753; x_wconf 88' lang='lat' dir='ltr'>populi</span> <span class='ocrx_word' id='word_1_212' title='bbox 788 2678 911 2736; x_wconf 89' lang='lat' dir='ltr'>Romani</span> <span class='ocrx_word' id='word_1_213' title='bbox 938 2693 1043 2736; x_wconf 93' lang='lat' dir='ltr'>nomen</span> <span class='ocrx_word' id='word_1_214' title='bbox 1071 2678 1248 2752; x_wconf 84' lang='lat' dir='ltr'>gloriamque</span> 
     </span>
     <span class='ocr_line' id='line_1_26' title="bbox 103 2777 1247 2851; baseline 0.001 -14"><span class='ocrx_word' id='word_1_215' title='bbox 103 2779 291 2850; x_wconf 88' lang='lat' dir='ltr'>illustrarent,</span> <span class='ocrx_word' id='word_1_216' title='bbox 315 2779 350 2838; x_wconf 89' lang='lat' dir='ltr'>de</span> <span class='ocrx_word' id='word_1_217' title='bbox 372 2780 503 2838; x_wconf 86' lang='lat' dir='ltr'>hostibus</span> <span class='ocrx_word' id='word_1_218' title='bbox 525 2779 602 2851; x_wconf 91' lang='lat' dir='ltr'>quod</span> <span class='ocrx_word' id='word_1_219' title='bbox 627 2778 741 2851; x_wconf 87' lang='lat' dir='ltr'>sequius</span> <span class='ocrx_word' id='word_1_220' title='bbox 763 2782 839 2836; x_wconf 89' lang='lat' dir='ltr'>esset</span> <span class='ocrx_word' id='word_1_221' title='bbox 867 2778 1063 2850; x_wconf 89' lang='lat' dir='ltr'>loquerentur.</span> <span class='ocrx_word' id='word_1_222' title='bbox 1081 2777 1105 2847; x_wconf 83' lang='lat'>¹)</span> <span class='ocrx_word' id='word_1_223' title='bbox 1147 2777 1247 2839; x_wconf 85' lang='lat' dir='ltr'>Etiam</span> 
     </span>
    </p>
   </div>
   <div class='ocr_carea' id='block_1_4' title="bbox 104 2876 1345 2953">
    <p class='ocr_par' dir='ltr' id='par_1_4' title="bbox 104 2876 1345 2953">
     <span class='ocr_line' id='line_1_27' title="bbox 104 2876 1345 2953; baseline 0.002 -17"><span class='ocrx_word' id='word_1_224' title='bbox 104 2876 205 2937; x_wconf 89' lang='lat' dir='ltr'>studiis</span> <span class='ocrx_word' id='word_1_225' title='bbox 241 2878 397 2938; x_wconf 89' lang='lat' dir='ltr'>factionum</span> <span class='ocrx_word' id='word_1_226' title='bbox 413 2877 437 2953; x_wconf 87' lang='lat'>¹)</span> <span class='ocrx_word' id='word_1_227' title='bbox 469 2880 514 2937; x_wconf 89' lang='lat' dir='ltr'>vel</span> <span class='ocrx_word' id='word_1_228' title='bbox 545 2878 722 2952; x_wconf 88' lang='lat' dir='ltr'>singulorum</span> <span class='ocrx_word' id='word_1_229' title='bbox 755 2876 901 2936; x_wconf 91' lang='lat' dir='ltr'>hominnm</span> <span class='ocrx_word' id='word_1_230' title='bbox 917 2876 940 2952; x_wconf 79' lang='lat'>⁸)</span> <span class='ocrx_word' id='word_1_231' title='bbox 967 2894 1065 2936; x_wconf 90' lang='lat' dir='ltr'>rerum</span> <span class='ocrx_word' id='word_1_232' title='bbox 1103 2886 1247 2950; x_wconf 89' lang='lat' dir='ltr'>gestarum</span> <span class='ocrx_word' id='word_1_233' title='bbox 1339 2920 1345 2939; x_wconf 53' lang='grc'>1</span> 
     </span>
    </p>
   </div>
   <div class='ocr_carea' id='block_1_5' title="bbox 103 2976 1250 3650">
    <p class='ocr_par' dir='ltr' id='par_1_5' title="bbox 103 2976 1250 3650">
     <span class='ocr_line' id='line_1_28' title="bbox 107 2976 1247 3054; baseline 0.004 -18"><span class='ocrx_word' id='word_1_234' title='bbox 107 2979 244 3038; x_wconf 88' lang='lat' dir='ltr'>memoria</span> <span class='ocrx_word' id='word_1_235' title='bbox 280 2979 439 3052; x_wconf 82' lang='lat' dir='ltr'>serviebat3</span> <span class='ocrx_word' id='word_1_236' title='bbox 478 2979 599 3050; x_wconf 91' lang='lat' dir='ltr'>denique</span> <span class='ocrx_word' id='word_1_237' title='bbox 631 2977 734 3037; x_wconf 90' lang='lat' dir='ltr'>docere</span> <span class='ocrx_word' id='word_1_238' title='bbox 768 2976 899 3050; x_wconf 86' lang='lat' dir='ltr'>debebat,</span> <span class='ocrx_word' id='word_1_239' title='bbox 936 2977 1004 3050; x_wconf 86' lang='lat' dir='ltr'>quid</span> <span class='ocrx_word' id='word_1_240' title='bbox 1043 2980 1150 3054; x_wconf 90' lang='lat' dir='ltr'>ingenii</span> <span class='ocrx_word' id='word_1_241' title='bbox 1181 2998 1247 3040; x_wconf 88' lang='lat' dir='ltr'>vere</span> 
     </span>
     <span class='ocr_line' id='line_1_29' title="bbox 106 3073 1250 3158; baseline 0.002 -20"><span class='ocrx_word' id='word_1_242' title='bbox 106 3079 230 3138; x_wconf 89' lang='lat' dir='ltr'>Romani</span> <span class='ocrx_word' id='word_1_243' title='bbox 251 3084 328 3138; x_wconf 90' lang='lat' dir='ltr'>esset</span> <span class='ocrx_word' id='word_1_244' title='bbox 343 3073 385 3158; x_wconf 80' lang='lat'>⁴).</span> <span class='ocrx_word' id='word_1_245' title='bbox 429 3079 483 3138; x_wconf 91' lang='grc' dir='ltr'>Η11</span> <span class='ocrx_word' id='word_1_246' title='bbox 499 3079 588 3152; x_wconf 88' lang='lat' dir='ltr'>igitur</span> <span class='ocrx_word' id='word_1_247' title='bbox 608 3076 769 3136; x_wconf 89' lang='lat' dir='ltr'>rationibus</span> <span class='ocrx_word' id='word_1_248' title='bbox 790 3076 869 3135; x_wconf 90' lang='lat' dir='ltr'>ducti</span> <span class='ocrx_word' id='word_1_249' title='bbox 889 3083 1002 3136; x_wconf 81' lang='lat' dir='ltr'>ueteres</span> <span class='ocrx_word' id='word_1_250' title='bbox 1028 3080 1186 3153; x_wconf 88' lang='lat' dir='ltr'>scriptores</span> <span class='ocrx_word' id='word_1_251' title='bbox 1204 3097 1250 3140; x_wconf 88' lang='lat' dir='ltr'>ree</span> 
     </span>
     <span class='ocr_line' id='line_1_30' title="bbox 103 3176 1247 3252; baseline 0.003 -17"><span class='ocrx_word' id='word_1_252' title='bbox 103 3176 300 3238; x_wconf 89' lang='lat' dir='ltr'>Romanorum</span> <span class='ocrx_word' id='word_1_253' title='bbox 332 3183 362 3237; x_wconf 91' lang='lat' dir='ltr'>et</span> <span class='ocrx_word' id='word_1_254' title='bbox 387 3177 668 3252; x_wconf 85' lang='lat' dir='ltr'>Carthaginiensium</span> <span class='ocrx_word' id='word_1_255' title='bbox 704 3176 810 3235; x_wconf 90' lang='lat' dir='ltr'>litteris</span> <span class='ocrx_word' id='word_1_256' title='bbox 835 3176 1042 3237; x_wconf 88' lang='lat' dir='ltr'>mandaverant</span> <span class='ocrx_word' id='word_1_257' title='bbox 1074 3178 1247 3252; x_wconf 88' lang='lat' dir='ltr'>easdemque</span> 
     </span>
     <span class='ocr_line' id='line_1_31' title="bbox 106 3277 1246 3338; baseline 0.002 -2"><span class='ocrx_word' id='word_1_258' title='bbox 106 3278 205 3336; x_wconf 87' lang='lat' dir='ltr'>Livius</span> <span class='ocrx_word' id='word_1_259' title='bbox 232 3279 262 3336; x_wconf 91' lang='grc'>11</span> <span class='ocrx_word' id='word_1_260' title='bbox 283 3278 468 3338; x_wconf 89' lang='lat' dir='ltr'>retractanda</span> <span class='ocrx_word' id='word_1_261' title='bbox 496 3278 642 3336; x_wconf 88' lang='lat' dir='ltr'>annalium</span> <span class='ocrx_word' id='word_1_262' title='bbox 661 3277 799 3336; x_wconf 90' lang='lat' dir='ltr'>memoria</span> <span class='ocrx_word' id='word_1_263' title='bbox 826 3282 939 3336; x_wconf 90' lang='lat' dir='ltr'>secutus</span> <span class='ocrx_word' id='word_1_264' title='bbox 969 3284 1022 3337; x_wconf 85' lang='lat' dir='ltr'>est.</span> <span class='ocrx_word' id='word_1_265' title='bbox 1064 3278 1163 3338; x_wconf 87' lang='lat' dir='ltr'>Etiam</span> <span class='ocrx_word' id='word_1_266' title='bbox 1178 3279 1246 3338; x_wconf 88' lang='lat' dir='ltr'>Nis-</span> 
     </span>
     <span class='ocr_line' id='line_1_32' title="bbox 104 3376 1248 3449; baseline 0.004 -15"><span class='ocrx_word' id='word_1_267' title='bbox 104 3392 156 3434; x_wconf 91' lang='lat' dir='ltr'>sen</span> <span class='ocrx_word' id='word_1_268' title='bbox 186 3383 216 3436; x_wconf 91' lang='lat' dir='ltr'>et</span> <span class='ocrx_word' id='word_1_269' title='bbox 235 3377 396 3438; x_wconf 87' lang='lat' dir='ltr'>Boettcher</span> <span class='ocrx_word' id='word_1_270' title='bbox 429 3380 600 3449; x_wconf 88' lang='lat' dir='ltr'>monuerunt</span> <span class='ocrx_word' id='word_1_271' title='bbox 630 3377 743 3435; x_wconf 88' lang='lat' dir='ltr'>Livium</span> <span class='ocrx_word' id='word_1_272' title='bbox 769 3376 799 3433; x_wconf 91' lang='grc'>11</span> <span class='ocrx_word' id='word_1_273' title='bbox 832 3382 936 3449; x_wconf 86' lang='lat' dir='ltr'>quarta</span> <span class='ocrx_word' id='word_1_274' title='bbox 965 3377 1074 3439; x_wconf 89' lang='lat' dir='ltr'>decade</span> <span class='ocrx_word' id='word_1_275' title='bbox 1105 3380 1248 3439; x_wconf 88' lang='lat' dir='ltr'>interdum</span> 
     </span>
     <span class='ocr_line' id='line_1_33' title="bbox 104 3475 1248 3552; baseline 0.003 -19"><span class='ocrx_word' id='word_1_276' title='bbox 104 3478 193 3534; x_wconf 91' lang='lat' dir='ltr'>nimio</span> <span class='ocrx_word' id='word_1_277' title='bbox 218 3477 363 3539; x_wconf 89' lang='lat' dir='ltr'>Romanos</span> <span class='ocrx_word' id='word_1_278' title='bbox 385 3476 555 3538; x_wconf 84' lang='lat' dir='ltr'>defendendi</span> <span class='ocrx_word' id='word_1_279' title='bbox 578 3475 673 3535; x_wconf 88' lang='lat' dir='ltr'>studio</span> <span class='ocrx_word' id='word_1_280' title='bbox 695 3492 730 3534; x_wconf 89' lang='lat' dir='ltr'>ea</span> <span class='ocrx_word' id='word_1_281' title='bbox 750 3481 883 3546; x_wconf 88' lang='lat' dir='ltr'>mutasse,</span> <span class='ocrx_word' id='word_1_282' title='bbox 906 3493 979 3551; x_wconf 90' lang='lat' dir='ltr'>quae</span> <span class='ocrx_word' id='word_1_283' title='bbox 1001 3478 1136 3551; x_wconf 86' lang='lat' dir='ltr'>Polybius</span> <span class='ocrx_word' id='word_1_284' title='bbox 1157 3478 1248 3552; x_wconf 82' lang='lat' dir='ltr'>tradi·</span> 
     </span>
     <span class='ocr_line' id='line_1_34' title="bbox 104 3573 1248 3650; baseline 0.004 -17"><span class='ocrx_word' id='word_1_285' title='bbox 104 3574 203 3650; x_wconf 88' lang='lat' dir='ltr'>disset,</span> <span class='ocrx_word' id='word_1_286' title='bbox 227 3582 257 3636; x_wconf 94' lang='grc'>61</span> <span class='ocrx_word' id='word_1_287' title='bbox 277 3580 307 3636; x_wconf 88' lang='grc'>11</span> <span class='ocrx_word' id='word_1_288' title='bbox 333 3579 413 3640; x_wconf 90' lang='lat' dir='ltr'>libris</span> <span class='ocrx_word' id='word_1_289' title='bbox 434 3579 505 3639; x_wconf 91' lang='lat' dir='ltr'>XXI</span> <span class='ocrx_word' id='word_1_290' title='bbox 533 3583 563 3638; x_wconf 90' lang='lat' dir='ltr'>et</span> <span class='ocrx_word' id='word_1_291' title='bbox 592 3576 679 3636; x_wconf 88' lang='lat' dir='ltr'>XXII</span> <span class='ocrx_word' id='word_1_292' title='bbox 709 3577 785 3636; x_wconf 90' lang='lat' dir='ltr'>idem</span> <span class='ocrx_word' id='word_1_293' title='bbox 812 3573 920 3635; x_wconf 86' lang='lat' dir='ltr'>factum</span> <span class='ocrx_word' id='word_1_294' title='bbox 945 3579 1056 3638; x_wconf 86' lang='grc'>611611</span> <span class='ocrx_word' id='word_1_295' title='bbox 1085 3579 1248 3639; x_wconf 83' lang='lat' dir='ltr'>uniuersum</span> 
     </span>
    </p>
   </div>
   <div class='ocr_carea' id='block_1_6' title="bbox 104 3843 1249 3997">
    <p class='ocr_par' dir='ltr' id='par_1_6' title="bbox 104 3843 1249 3997">
     <span class='ocr_line' id='line_1_35' title="bbox 175 3843 1249 3918; baseline 0.002 -21"><span class='ocrx_word' id='word_1_296' title='bbox 175 3843 195 3912; x_wconf 88' lang='lat'>¹)</span> <span class='ocrx_word' id='word_1_297' title='bbox 214 3848 339 3899; x_wconf 83' lang='lat' dir='ltr'>Conseras</span> <span class='ocrx_word' id='word_1_298' title='bbox 364 3849 479 3915; x_wconf 83' lang='lat' dir='ltr'>exempli</span> <span class='ocrx_word' id='word_1_299' title='bbox 502 3851 588 3917; x_wconf 83' lang='lat' dir='ltr'>gratia</span> <span class='ocrx_word' id='word_1_300' title='bbox 613 3865 680 3915; x_wconf 80' lang='lat' dir='ltr'>quae</span> <span class='ocrx_word' id='word_1_301' title='bbox 705 3850 833 3918; x_wconf 84' lang='lat' dir='ltr'>Polybius</span> <span class='ocrx_word' id='word_1_302' title='bbox 851 3850 869 3900; x_wconf 91' lang='lat' dir='ltr'>l.</span> <span class='ocrx_word' id='word_1_303' title='bbox 894 3850 914 3899; x_wconf 94' lang='lat' dir='ltr'>I.</span> <span class='ocrx_word' id='word_1_304' title='bbox 938 3865 960 3899; x_wconf 88' lang='lat' dir='ltr'>c.</span> <span class='ocrx_word' id='word_1_305' title='bbox 983 3850 1014 3897; x_wconf 82' lang='lat'>14</span> <span class='ocrx_word' id='word_1_306' title='bbox 1038 3848 1121 3898; x_wconf 85' lang='lat' dir='ltr'>Fabio</span> <span class='ocrx_word' id='word_1_307' title='bbox 1148 3849 1249 3899; x_wconf 84' lang='lat' dir='ltr'>Platori</span> 
     </span>
     <span class='ocr_line' id='line_1_36' title="bbox 104 3933 258 3997; baseline -0.006 -14"><span class='ocrx_word' id='word_1_308' title='bbox 104 3933 258 3997; x_wconf 85' lang='lat' dir='ltr'>exprobrat.</span> 
     </span>
    </p>
   </div>
   <div class='ocr_carea' id='block_1_7' title="bbox 172 4015 1249 4167">
    <p class='ocr_par' dir='ltr' id='par_1_7' title="bbox 172 4015 1249 4167">
     <span class='ocr_line' id='line_1_37' title="bbox 173 4015 1249 4089; baseline 0.006 -20"><span class='ocrx_word' id='word_1_309' title='bbox 173 4015 193 4085; x_wconf 79' lang='lat'>²)</span> <span class='ocrx_word' id='word_1_310' title='bbox 213 4019 252 4070; x_wconf 85' lang='lat' dir='ltr'>cf.</span> <span class='ocrx_word' id='word_1_311' title='bbox 266 4019 329 4070; x_wconf 83' lang='lat' dir='ltr'>Sall.</span> <span class='ocrx_word' id='word_1_312' title='bbox 342 4021 407 4086; x_wconf 84' lang='lat' dir='ltr'>Jug.</span> <span class='ocrx_word' id='word_1_313' title='bbox 426 4023 458 4072; x_wconf 72' lang='grc'>95</span> <span class='ocrx_word' id='word_1_314' title='bbox 469 4025 502 4071; x_wconf 86' lang='grc'>·2</span> <span class='ocrx_word' id='word_1_315' title='bbox 519 4021 650 4072; x_wconf 83' lang='lat' dir='ltr'>:Sisenna</span> <span class='ocrx_word' id='word_1_316' title='bbox 667 4040 760 4089; x_wconf 85' lang='lat' dir='ltr'>parum</span> <span class='ocrx_word' id='word_1_317' title='bbox 775 4023 840 4074; x_wconf 88' lang='lat' dir='ltr'>mihi</span> <span class='ocrx_word' id='word_1_318' title='bbox 853 4023 937 4075; x_wconf 81' lang='lat' dir='ltr'>libero</span> <span class='ocrx_word' id='word_1_319' title='bbox 957 4037 1001 4076; x_wconf 87' lang='lat' dir='ltr'>ore</span> <span class='ocrx_word' id='word_1_320' title='bbox 1018 4021 1122 4075; x_wconf 83' lang='lat' dir='ltr'>locutus</span> <span class='ocrx_word' id='word_1_321' title='bbox 1136 4021 1249 4077; x_wconf 82' lang='lat' dir='ltr'>videtur.</span> 
     </span>
     <span class='ocr_line' id='line_1_38' title="bbox 172 4101 684 4167; baseline 0.016 -14"><span class='ocrx_word' id='word_1_322' title='bbox 172 4101 194 4167; x_wconf 78' lang='lat'>³)</span> <span class='ocrx_word' id='word_1_323' title='bbox 213 4104 316 4157; x_wconf 87' lang='lat' dir='ltr'>Sullam</span> <span class='ocrx_word' id='word_1_324' title='bbox 335 4107 475 4157; x_wconf 80' lang='lat' dir='ltr'>Caesarem</span> <span class='ocrx_word' id='word_1_325' title='bbox 495 4108 597 4159; x_wconf 86' lang='lat' dir='ltr'>similes</span> <span class='ocrx_word' id='word_1_326' title='bbox 616 4107 684 4161; x_wconf 86' lang='lat' dir='ltr'>dico.</span> 
     </span>
    </p>
   </div>
   <div class='ocr_carea' id='block_1_8' title="bbox 174 4186 541 4260">
    <p class='ocr_par' dir='ltr' id='par_1_8' title="bbox 174 4186 541 4260">
     <span class='ocr_line' id='line_1_39' title="bbox 174 4186 541 4260; baseline 0.016 -21"><span class='ocrx_word' id='word_1_327' title='bbox 174 4186 194 4256; x_wconf 74' lang='lat'>⁴)</span> <span class='ocrx_word' id='word_1_328' title='bbox 215 4189 254 4242; x_wconf 83' lang='lat' dir='ltr'>CI.</span> <span class='ocrx_word' id='word_1_329' title='bbox 276 4192 334 4243; x_wconf 85' lang='lat' dir='ltr'>Liv.</span> <span class='ocrx_word' id='word_1_330' title='bbox 353 4194 436 4260; x_wconf 74' lang='lat' dir='ltr'>praef.</span> <span class='ocrx_word' id='word_1_331' title='bbox 457 4192 482 4256; x_wconf 67' lang='grc' dir='ltr'>ἓ.</span> <span class='ocrx_word' id='word_1_332' title='bbox 502 4195 541 4245; x_wconf 89' lang='grc'>10.</span> 
     </span>
    </p>
   </div>
   <div class='ocr_carea' id='block_1_9' title="bbox 0 0 1361 4628">
    <p class='ocr_par' dir='ltr' id='par_1_9' title="bbox 0 0 1361 4628">
     <span class='ocr_line' id='line_1_40' title="bbox 0 0 1361 4628; baseline 0 0"><span class='ocrx_word' id='word_1_333' title='bbox 0 0 1361 4628; x_wconf 95' lang='lat' dir='ltr'> </span> 
     </span>
    </p>
   </div>
  </div>
 </body>
</html>
