2708 4628
93 420 223 496 Denique
244 420 289 479 his
310 421 382 493 ipsis
404 419 504 480 diebus
524 420 687 480 Lndovieus
716 420 815 479 Keller
832 418 857 492 ι)
882 420 1003 478 multum
1024 434 1129 491 operae
1156 416 1237 478 labo·

92 523 190 595 risque
211 520 396 596 consumpsit,
418 524 450 577 ut
470 518 623 591 Polybium
646 523 675 577 et
697 519 808 577 Livium
829 524 966 592 tanquam
988 534 1164 576 communem
1185 518 1237 576 du·

93 637 155 680 cem
177 625 207 678 et
225 621 394 694 magistrum
415 619 492 677 illius
514 618 581 678 belli
611 619 749 677 narrandi
774 617 807 675 L.
831 617 1017 690 Calpurnium
1039 618 1173 677 Pisonem
1194 634 1238 676 se·

94 727 175 780 cutes
201 737 265 780 esse
287 719 485 793 probabilibus
507 720 682 792 argumentis
704 704 832 778 doceret.

176 821 274 880 Minor
293 837 362 893 pars
385 823 512 879 virorum
541 819 691 878 doctorum
711 824 838 878 veterem
867 819 972 880 lamam
996 819 1133 881 defendit.
1176 822 1238 895 Quo

94 921 125 978 in
162 938 282 981 numero
315 925 383 979 sunt
408 919 442 977 F.
467 919 632 980 Lachmann
647 913 693 991 ²),
720 919 815 978 Lucas
831 919 873 991 ⁸),
911 916 1071 998 Carolus⁴)
1108 926 1138 980 et
1163 922 1238 980 Her-

95 1037 216 1079 mannus
229 1016 254 1094 ⁵)
276 1020 388 1092 Peteri,
417 1020 582 1093 Leopoldus
604 1018 759 1079 Vielhaber
774 1018 814 1095 ⁶),
844 1020 1000 1080 Eduardus
1034 1021 1183 1082 Woelfflin
1199 1021 1235 1094 7),

95 1122 143 1193 qui
165 1120 276 1178 Livium
297 1121 327 1178 in
348 1119 431 1179 libris
452 1119 525 1179 XXI
545 1124 575 1177 et
593 1117 678 1176 XXII
707 1118 890 1179 conficiendis
911 1121 1034 1194 Polybio
1054 1123 1238 1194 potissimum

94 1225 211 1278 auctore
233 1237 316 1278 usum
337 1235 412 1288 esse,
443 1235 492 1278 eas
513 1234 582 1277 vero
612 1234 669 1290 res,
702 1235 775 1290 quae
798 1236 861 1278 cum
890 1223 1055 1281 narratione
1077 1220 1239 1294 Polybiana

94 1319 259 1392 discrepant
278 1326 328 1379 ant
349 1319 426 1392 apud
446 1318 526 1376 illum
548 1335 605 1378 non
627 1323 736 1392 extant,
765 1321 920 1379 maximam
949 1327 1063 1396 partem
1085 1339 1122 1381 ex
1143 1319 1240 1380 Coelio

94 1421 230 1491 petivisse
251 1420 391 1479 iudicant.

177 1519 279 1593 Itaque
300 1534 364 1578 cum
384 1518 452 1577 huic
474 1517 634 1591 quaestioni
655 1517 690 1576 de
702 1517 775 1577 Livii
796 1519 961 1579 auctoribus
982 1527 1062 1580 recte
1085 1521 1238 1581 solvendae

95 1635 114 1677 a
133 1619 263 1690 plurimis
278 1635 412 1694 magnam
427 1619 484 1677 vim
505 1633 697 1690 magnumque
712 1618 824 1691 pondus
845 1618 934 1678 tribui
948 1621 1146 1694 intellegerem
1166 1637 1240 1680 non·

96 1718 245 1792 nullasque
266 1735 314 1777 res
335 1719 429 1777 minus
451 1717 603 1790 diligenter
618 1717 794 1777 examinatas
815 1733 879 1776 esse
892 1717 1059 1794 iudiearem,
1081 1720 1155 1778 hunc
1177 1723 1239 1777 stu·

96 1819 208 1877 diorum
243 1814 343 1875 orbem
371 1815 475 1889 delegi,
511 1816 541 1874 in
570 1832 626 1889 quo
655 1817 780 1897 primum
811 1818 918 1890 ingenii
946 1819 1021 1877 vires
1050 1820 1240 1891 pericIItarer.

95 1917 139 1977 Ac
159 1933 228 1976 sane
250 1917 364 1991 quidem
385 1932 443 1975 non
464 1915 495 1974 id
516 1915 607 1974 solum
628 1917 733 1989 agitur,
759 1918 859 1990 quanti
879 1916 1017 1977 faciamus
1038 1917 1191 1991 Polybium
1213 1924 1242 1977 et

94 2018 215 2088 Liuium,
245 2031 409 2091 quanquam
430 2016 485 2075 hoc
505 2016 598 2090 ipsum
620 2021 663 2074 est
683 2017 898 2093 gravissimnm3
932 2018 983 2076 sed
1004 2018 1138 2092 qnoniam
1159 2019 1240 2077 litte·

94 2133 146 2175 rae
168 2133 289 2188 graems
312 2123 342 2175 et
362 2117 592 2188 latinae-parem
614 2117 685 2175 duos
712 2132 807 2175 rerum
831 2117 987 2189 scriptores
1009 2116 1085 2175 inter
1111 2134 1142 2175 se
1164 2133 1240 2175 com-

95 2216 218 2287 parandi
238 2219 484 2289 opportunitatem
505 2217 553 2275 vix
573 2217 656 2276 nobis
678 2215 829 2288 praebent,
858 2215 925 2274 hinc
948 2216 1032 2274 simul
1053 2222 1132 2275 certa
1154 2231 1241 2289 quae·

96 2314 163 2374 dam
183 2330 285 2373 norma
305 2315 463 2390 repetenda
492 2317 557 2385 erit,
589 2316 627 2375 ed
654 2332 738 2390 quam
767 2333 850 2376 omne
882 2321 1012 2376 nostrum
1039 2316 1074 2375 de
1095 2315 1240 2375 veteribus

93 2414 239 2473 historicis
258 2415 395 2474 indicium
415 2415 581 2488 dirigamus.

166 2664 187 2731 ¹)
208 2665 261 2716 Der
280 2666 374 2716 zweite
392 2664 523 2730 punische
541 2665 626 2731 Krieg
645 2664 699 2714 und
718 2663 792 2715 scine
810 2662 930 2726 Quellen,
948 2662 1076 2728 Marburg
1096 2662 1171 2713 1875.

165 2748 188 2816 ¹)
207 2751 240 2802 de
257 2750 375 2803 leuthbus
392 2751 562 2802 historiarum
581 2751 635 2800 Titi
653 2751 713 2801 Liri
733 2752 917 2800 commentatio
936 2749 1044 2814 duplex.
1080 2745 1239 2814 Gocttingae

97 2838 305 2890 18220s1828.

164 2923 186 2990 ⁸)
204 2924 349 2993 disputatio
368 2924 401 2978 de
419 2927 531 2994 ratione,
550 2940 603 2990 qua
618 2922 712 2990 Livius
730 2937 793 2973 usus
811 2927 851 2972 est
870 2936 949 2987 opere
961 2921 1117 2984 Polybiane.
1146 2921 1240 2987 Progr.

96 3011 297 3078 Glogau1854.

164 3095 187 3162 ⁴)
207 3099 302 3150 Livius
319 3098 374 3148 und
389 3098 526 3164 Polybius.
562 3098 648 3150 Ileber
675 3097 718 3147 die
737 3097 849 3161 Qusllen
877 3093 924 3146 des
941 3098 982 3144 21.
1000 3093 1056 3144 und
1074 3096 1114 3144 27.
1134 3092 1240 3145 Buches

95 3184 143 3236 des
162 3185 264 3237 Livius.
300 3184 382 3235 Helle
403 3185 478 3236 1888.

165 3269 185 3338 ⁶)
204 3272 331 3324 Veterum
353 3273 538 3324 historicorum
561 3272 738 3322 Romanorum
761 3269 909 3334 relliquiae,
924 3269 1031 3336 Lipsiae
1050 3268 1118 3318 1870
1135 3264 1242 3330 (indue

18 3356 21 3361 ’
95 3375 156 3428 pag.
176 3357 307 3428 ccxnl).

164 3445 188 3513 6)
205 3447 375 3498 Ι.ἰνίαυὶεοίιο
392 3446 504 3497 Studien
514 3445 557 3495 'im
570 3445 771 3497 Jahresbericht
789 3445 853 3495 iiber
865 3443 912 3494 das
926 3443 1100 3507 Gymnasium
1113 3441 1160 3493 der
1173 3441 1200 3490 ls.
1212 3439 1240 3492 k.

96 3533 337 3586 Therssieniseheu
355 3532 503 3584 Akademie
519 3531 547 3581 in
566 3532 653 3597 Wien,
674 3532 738 3582 1871
758 3529 813 3582 und
833 3531 909 3580 1872.

165 3616 187 3687 7)
204 3619 353 3671 Antiochus
371 3635 424 3670 von
443 3618 562 3685 Syrakus
580 3617 633 3667 und
653 3617 759 3669 Coelius
778 3617 927 3683 Antipater,
945 3614 1111 3667 winterthur
1130 3614 1239 3662 1872.-

95 3708 151 3758 'l'iti
172 3706 242 3757 Livii
260 3722 283 3757 a.
302 3722 329 3759 u.
348 3721 370 3756 c.
387 3704 451 3756 libri
471 3704 537 3754 XXI
556 3710 583 3754 ot
601 3703 690 3764 XXII,
708 3702 813 3767 Lipsiae
835 3702 901 3751 1878
920 3706 947 3751 st
962 3701 1037 3750 1875.
