2708 4628
142 1483 248 1620 'Quae
265 1545 298 1603 Τ.
314 1545 412 1604 Livius
433 1545 464 1602 in
482 1544 564 1603 libris
579 1545 652 1603 XXI
673 1551 702 1603 st
723 1544 809 1603 XXIl
832 1527 966 1603 debello
988 1546 1100 1604 Punico
1121 1547 1218 1606 altero

74 1657 230 1716 memoriae
249 1651 380 1722 tradidit,
391 1652 449 1710 alia
459 1669 523 1710 cum
546 1653 634 1709 tertio
648 1651 762 1723 Polybii
775 1652 849 1710 libro
863 1651 1015 1710 manifesto
1031 1655 1223 1725 consentiunt,
1330 1701 1332 1704 Α

77 1759 134 1815 alia
155 1761 205 1814 ant
227 1754 393 1825 discrepant
416 1757 468 1810 ant
488 1751 564 1824 apud
584 1752 663 1809 illum
693 1752 810 1808 omnino
840 1767 897 1809 uon
926 1752 1072 1823 leguntur.
1117 1752 1224 1824 Quam-

76 1855 175 1916 obrem
197 1869 261 1913 cum
284 1850 427 1926 prioribus
448 1850 567 1909 saeculis
589 1851 670 1908 multi
692 1851 854 1908 extitissent
869 1851 924 1908 viri
939 1850 1026 1924 docti,
1048 1853 1096 1924 qui
1111 1852 1224 1910 Livium

76 1955 106 2012 in
126 1953 171 2012 his
190 1951 274 2010 libris
303 1949 463 2009 scribendis
491 1967 554 2008 curn
577 1951 648 2008 alios
671 1955 803 2008 auctores
824 1955 885 2007 tum
907 1951 1056 2023 Polybium
1085 1952 1115 2008 in
1144 1967 1225 2009 usum

75 2070 192 2113 vocasse
212 2053 350 2119 dicerent,
373 2057 472 2108 nostra
496 2055 593 2135 aetate
614 2049 663 2108 alii
685 2049 799 2108 ecfers
822 2051 994 2122 omnesqui
1016 2050 1052 2109 ad
1074 2033 1225 2109 historiam

51 2203 53 2208 .
77 2154 255 2215 Graecorum
282 2158 311 2211 et
340 2152 539 2210 Romanorum
565 2150 772 2221 explorandam
806 2151 930 2209 studium
964 2157 1049 2224 atque
1078 2153 1225 2225 ingenium

78 2271 162 2312 snum
177 2253 369 2326 contuleruut,
384 2251 506 2321 Livium,
530 2266 593 2307 cum
607 2248 671 2307 illos
685 2248 773 2306 libros
788 2250 936 2321 scriberet,
960 2267 1047 2323 opere
1063 2249 1223 2323 Polybiane

77 2370 160 2412 usum
181 2369 242 2410 esse
263 2367 382 2424 prorsus
400 2353 585 2424 negaverunt.
629 2349 703 2407 Nam
723 2354 754 2406 ut
776 2349 811 2408 ab
833 2351 915 2409 initio
937 2351 1021 2408 huius
1050 2352 1156 2409 saeculi
1178 2369 1224 2410 re-

75 2457 182 2524 petam,
206 2443 382 2524 Niebuhr¹),
412 2451 457 2507 cui
479 2449 636 2507 assentitur
657 2443 871 2523 Schwegler²),
905 2449 1056 2522 Polybium
1078 2467 1133 2509 uon
1158 2457 1225 2510 ante
1262 2484 1290 2499 ·-

39 2593 42 2600 -
76 2552 201 2611 medium
233 2550 341 2610 bellum
368 2549 593 2609 Hannibalicnm
622 2565 640 2606 a
670 2548 751 2608 Livio
782 2548 941 2607 adhibitum
971 2567 1033 2608 esse
1064 2552 1223 2609 contendit.

75 2654 167 2712 Paulo
194 2660 262 2726 poet
290 2652 449 2711 Tillmanus
462 2647 485 2726 ⁸)
508 2655 538 2708 et
561 2649 666 2706 Nissen
678 2646 701 2721 ⁴)
725 2649 838 2707 Livium
869 2651 899 2708 in
928 2655 1033 2722 quarta
1062 2655 1092 2707 et
1122 2651 1223 2722 quinta

76 2752 233 2811 decadibus
254 2752 346 2810 multa
367 2749 490 2822 Polybio
513 2748 628 2819 debere,
650 2749 680 2805 in
704 2749 745 2806 eis
767 2764 837 2820 quos
859 2749 945 2808 modo
969 2750 1029 2807 dixi
1048 2750 1131 2808 libris
1154 2750 1225 2808 nihil
1321 2746 1324 2757 ’

77 2869 113 2911 ex
133 2869 167 2912 eo
188 2853 323 2925 petivisse
346 2858 529 2913 censuerunt.
574 2843 737 2921 Michael⁵l
760 2864 828 2905 vero
851 2848 1002 2923 Polybium
1025 2867 1042 2908 c
1062 2849 1143 2908 Livio
1174 2867 1226 2924 per

77 2956 169 3010 totam
191 2952 305 3010 tertiam
326 2951 464 3010 decadem
486 2950 645 3022 neglectum
667 2963 728 3006 csse
750 2948 896 3006 iudicavit.
1243 3013 1245 3016 Α

161 3050 271 3110 Multos
292 3050 432 3110 Nitzschii
453 3051 541 3108 movit
562 3049 729 3119 auotoritas,
751 3050 798 3122 qui
820 3065 989 3107 consensum
1005 3050 1120 3107 illorum
1136 3051 1226 3124 scrip·

34 3180 36 3185 v
77 3157 172 3209 torum
194 3151 261 3210 iude
283 3156 379 3210 ortum
400 3167 462 3209 esse
485 3149 668 3220 existimarit
699 3155 731 3206 ut
763 3153 890 3207 veterem
912 3134 1054 3221 quendam
1077 3155 1227 3208 auctorem
1334 3214 1337 3220 ,

77 3251 113 3310 ab
130 3259 252 3323 utroque
274 3250 431 3309 adhibitum
453 3265 516 3308 esse
537 3254 686 3306 statueret.
730 3246 787 3306 Sed
809 3265 970 3322 quanquam
992 3250 1063 3309 haec
1083 3251 1227 3309 sententia

77 3368 95 3410 a
116 3350 246 3423 plurimis
267 3363 370 3424 magno
392 3364 512 3408 assensu
534 3354 652 3424 accepta
667 3353 721 3422 est,
745 3365 926 3423 nequaquam
946 3350 1022 3409 inter
1036 3366 1086 3408 eos
1101 3356 1227 3418 constat,

130 3504 283 3512 .,..-.,--..--

148 3613 168 3680 ¹)
188 3617 317 3684 Vortrtge
335 3616 403 3669 iiber
420 3619 486 3670 rtim.
504 3619 664 3672 Geeehichte
684 3620 842 3689 hernusgcg.
860 3637 914 3674 ron
936 3623 1001 3673 leler
1020 3623 1041 3675 1.
1060 3625 1102 3674 49.

148 3700 169 3769 ²)
187 3703 330 3756 Rbmisolre
348 3705 510 3756 Gcschiehte
529 3706 550 3756 Ι.
571 3708 628 3757 110.

147 3786 167 3855 ³)
187 3791 391 3858 Disputationis,
410 3807 463 3856 qna
480 3792 582 3842 ratione
600 3793 695 3844 Livius
715 3790 809 3860 Polybi
833 3793 952 3845 historiis
972 3780 1033 3847 ua'ns
1051 3794 1093 3860 sit,
1116 3798 1185 3860 part.
1206 3793 1227 3842 1.

78 3877 188 3928 Bonnac
208 3878 284 3928 1860.

148 3960 169 4031 ⁴)
189 3964 323 4016 Kritieohe
345 3966 584 4035 Untersuchnngen
603 3967 670 4017 iiber
698 3966 740 4016 die
758 3968 868 4031 Quellon
889 3967 936 4018 der
957 3969 981 4016 4.
1001 3967 1055 4018 und
1075 3968 1100 4018 b.
1120 3965 1227 4018 Deuade

78 4049 126 4100 des
145 4051 246 4102 Livius.
282 4051 374 4103 Berlin
396 4054 472 4105 1863.

63 4188 66 4193 .
148 4133 169 4202 ⁶)
188 4137 219 4189 In
238 4140 289 4189 wis
307 4139 368 4189 weit
385 4139 433 4191 hat
451 4140 545 4193 Livius
564 4141 615 4192 den
633 4139 718 4206 Polyb
738 4141 777 4192 ale
791 4141 973 4208 Hauptquella
992 4140 1120 4195 benutat'l
1163 4141 1228 4191 Tor·

77 4237 134 4290 gau
156 4224 230 4276 tata.

1008 4320 1022 4375 l
