2708 4628
603 217 751 306 ga—

102 412 168 475 roiu
189 403 440 476 κατοικούντων
469 404 558 477 αὐτοὶ
582 415 649 476 Γον-
663 413 676 512 )
699 419 822 478 bitures.
858 420 1013 493 procedere
1036 421 1122 481 inde
1143 437 1246 494 agmen

103 512 221 584 larcin,
253 504 324 591 ἅμα
354 512 392 575 δὲ
423 513 480 575 καὶ
508 507 566 575 τὸν
591 516 650 590 τῆς
701 521 805 592 eoepit.

102 604 224 690 Ῥώμης
247 608 349 690 αὐτῆς
371 604 472 675 τόπον
490 609 648 677 ὑποδεικ-

102 702 189 774 νύων
224 711 275 774 ἐπὶ
316 701 419 775 πνοὰν
462 707 650 794 εὐθαρσεῖς

104 809 235 888 ἐποίησε
298 801 377 880 τούς
432 803 650 894 ἀνθρώπους.

107 907 170 992 Τῇ
201 904 480 993 denudetur
510 905 649 987 ἀναζεύ-

103 1007 165 1088 ξας
205 1002 361 1094 ἐνήρχετο
398 1000 455 1087 τῆς
492 1003 649 1093 καταβά-

105 1126 197 1180 dama.

187 1230 272 1302 Apud
292 1231 405 1289 Livium
433 1231 521 1302 igitur
543 1228 687 1288 Hannibal
716 1228 820 1287 milites
848 1228 1020 1288 adhortatur
1048 1246 1083 1288 eo
1106 1231 1168 1302 ipso
1188 1229 1244 1300 die,

105 1343 161 1401 quo
192 1328 228 1387 de
258 1330 325 1403 iugo
344 1328 461 1402 Alpium
482 1330 658 1388 descendere
679 1329 829 1401 incipiunt,
860 1329 936 1400 apud
964 1327 1116 1399 Polybium
1150 1329 1247 1399 priore

105 1429 153 1486 die
170 1421 201 1503 ¹).
245 1429 320 1487 Illud
342 1435 439 1488 autem
453 1429 551 1488 Livius
572 1430 670 1498 tacuit,
695 1428 794 1487 Gallos
808 1427 963 1498 cisalpinos
978 1426 1138 1484 Hannibali
1154 1428 1245 1500 magis

102 1523 208 1585 favisse
230 1545 315 1600 quam
330 1528 487 1600 'Romanis;
511 1546 603 1600 neque
625 1529 655 1587 id
676 1545 746 1587 casu
768 1545 831 1586 eum
853 1526 953 1586 iecisse
974 1528 1023 1586 sed
1046 1527 1082 1584 de
1104 1527 1246 1585 industria

103 1643 140 1684 ex
161 1643 196 1685 eo
217 1628 328 1686 ridetur
350 1629 439 1700 sequi,
462 1627 539 1699 quod
561 1627 754 1700 compluribus
776 1627 840 1684 aliis
862 1627 933 1685 locis
949 1626 1138 1685 Hannibalem
1154 1629 1246 1699 minus

103 1743 121 1783 a
144 1725 233 1786 Gallis
253 1726 383 1785 adiutum
404 1723 487 1800 fingit
508 1744 592 1799 quam
612 1726 748 1798 Polybius
759 1724 792 1800 ²).
837 1727 936 1784 Etiam
957 1725 1048 1784 verba
1064 1724 1244 1794 Hannibalis,

101 1825 206 1899 quibus
232 1827 339 1885 milites
362 1826 532 1886 adhortatus
565 1828 612 1901 sit,
646 1825 743 1883 Livius
764 1822 863 1894 refert,
899 1829 980 1883 certo
1002 1841 1038 1883 ex
1060 1839 1109 1883 suo
1130 1825 1245 1897 ingenio

102 1924 186 1997 fiota;
223 1931 252 1984 et
284 1941 347 1984 cum
376 1926 512 1998 Polybius
546 1926 633 2000 Alpes
669 1940 765 1984 arcem
796 1923 941 1996 quandam
975 1925 1076 1983 ltaliae
1109 1922 1243 1996 appellet,

103 2024 202 2083 Livius
223 2022 415 2083 Hannibalem
437 2024 541 2084 dixisse
563 2025 672 2083 indicat
700 2039 731 2082 se
753 2024 869 2082 moenia
892 2023 993 2082 ltaliae
1011 2028 1041 2081 et
1058 2026 1166 2083 Romae
1188 2025 1245 2081 iarn

103 2122 317 2182 transcendere.
368 2124 505 2184 Similiter
542 2126 690 2183 alal-3
728 2140 794 2196 sqq..
824 2124 969 2200 Hannibal
1005 2126 1174 2183 contionans
1216 2127 1246 2181 et
1317 2176 1326 2197 ‚

104 2224 207 2282 21·53
231 2223 416 2298 Sempronius
438 2224 527 2284 verba
547 2222 656 2285 faciens
676 2223 860 2293 inducuntur,
891 2241 956 2283 cum
977 2223 1114 2297 Polybius
1137 2222 1244 2296 simpli-

104 2323 178 2381 citer
196 2322 281 2394 dieat,
304 2324 372 2398 quid
394 2325 593 2399 cogitaverint.
746 2316 749 2320 ’
1079 2374 1082 2380 .

187 2423 317 2498 Denique
339 2423 435 2484 Livius
456 2425 532 2485 haud
554 2442 622 2484 raro
641 2426 782 2485 vocabule
802 2427 948 2498 militaria,
970 2440 1043 2499 quae
1064 2442 1100 2484 ex
1122 2424 1243 2484 aliorum

101 2520 242 2581 bellarum
270 2526 438 2584 narratione
460 2525 598 2584 memoria
617 2524 745 2593 tenebat
774 2525 939 2598 Polybianis
964 2526 999 2583 iis
1020 2525 1089 2583 locis
1110 2527 1240 2597 inseruit,

102 2621 204 2694 quibus
236 2624 331 2682 minus
360 2629 430 2697 apta
458 2629 533 2682 sunt.
575 2624 662 2684 Velut
691 2626 836 2683 arao-3
864 2622 911 2698 (cl.
934 2624 995 2684 Pol.
1028 2622 1162 2698 3·74·6)
1184 2626 1241 2684 Ro·

101 2724 189 2797 mani,
211 2724 310 2796 quiin
330 2740 426 2796 pugna
445 2722 483 2783 ad
497 2722 631 2783 Trebiam
654 2725 802 2783 commissa
822 2724 948 2783 hostium
964 2725 1055 2783 aciem
1077 2741 1241 2798 perrupere,

101 2825 184 2878 recto
203 2815 314 2879 itinere
328 2820 506 2880 Placentiam
527 2825 663 2895 pergunt.
687 2822 739 2879 22·
754 2816 831 2878 192
855 2817 905 2894 (ci.
920 2819 982 2878 Pol.
1006 2819 1144 2892 3·96·4)
1170 2820 1243 2904 duae

69 2935 190 2979 «naves
219 2915 327 2998 prinae
363 2936 512 2988 concursu
548 2921 708 2992 capiuntur.
745 2919 889 2978 21·33.9
922 2924 952 2976 et
981 2920 1061 2978 319
1098 2914 1145 2991 (ο1.
1179 2919 1241 2977 Pol.

104 3021 226 3078 3·5l·6
248 3026 278 3079 et
300 3020 396 3090 53·3)
427 3020 600 3079 Hannibalis
633 3035 736 3094 agmen
768 3034 786 3076 a
817 3019 961 3076 montanis
992 3013 1241 3096 interrumpitur.

102 3115 292 3198 21·33·2⁸)
320 3120 447 3180 montani
467 3115 555 3199 siquo
581 3114 653 3177 cloio
674 3137 710 3179 ex
731 3112 905 3198 castellia‘)
934 3119 971 3176 arl
990 3113 1152 3177 stationem
1174 3119 1242 3179 soli·

99 3224 162 3279 tam
196 3220 398 3280 couvenientes
434 3235 507 3278 orec
542 3225 682 3294 occupata
717 3236 771 3278 sua
803 3223 963 3279 terrentur.
1019 3219 1115 3293 Scipio
1134 3215 1242 3279 'victus

100 3321 249 3377 21·47·2
273 3318 324 3390 (cf.
347 3317 410 3377 Pol.
432 3319 531 3377 3·66·
545 3321 573 3392 1)
597 3314 748 3396 proxima
768 3325 853 3376 nocte
875 3311 998 3376 silentio
1020 3323 1117 3377 castra
1138 3324 1241 3378 movet.

99 3418 532 3495 Manliuspraetor21·25·9
562 3413 612 3493 (ci.
635 3416 697 3478 Pol.
721 3415 933 3489 3·40·12)et
956 3417 1114 3478 Flaminius
1142 3417 1243 3479 consul

101 3522 230 3578 22·4·4
262 3519 312 3595 (of.
334 3521 367 3579 P.
387 3518 518 3591 -3·83·7)
539 3512 737 3597 inexplorato
766 3517 890 3593 proiecti
910 3517 938 3574 in
960 3502 1078 3579 iusidias
1099 3517 1241 3589 praecipi·

98 3626 207 3680 tentur.
273 3613 376 3693 „Luce
410 3613 539 3698 primo“
575 3619 692 3679 additur
730 3619 900 3677 araas)
936 3623 966 3678 et
1002 3617 1085 3675 35·7
1123 3613 1171 3693 (ol.
1207 3615 1239 3676 P.

100 3780 349 3815 -.μ-...μ-...Μ

171 3884 191 3953 1)
209 3885 297 3938 Etiam
327 3887 476 3941 contionem
494 3884 565 3957 apud
583 3884 740 3942 Rhodrmbm
759 3885 879 3944 habitem
898 3887 990 3943 Livius
1008 3885 1060 3943 alio
1078 3887 1135 3942 loco
1155 3891 1241 3954 posuit

99 3990 180 4041 quam
198 3974 342 4043 Polybius3
361 3979 394 4028 ef.
414 3979 549 4029 Woelfflin
569 3979 602 4029 ed
621 3979 680 4029 Lis.
699 3980 730 4028 21
743 4000 749 4013 ·
761 3979 803 4029 30.

169 4058 189 4127 ²)
207 4061 247 4112 (tf.
259 4063 403 4121 ,Woelfflin
421 4079 540 4129 prooem.
558 4082 584 4134 p.
601 4066 660 4117 XX.

170 4145 191 4214 8)
212 4147 253 4203 Cf.
272 4148 329 4201 Pol.
350 4152 382 4202 3·
396 4155 428 4201 bl
440 4175 446 4188 ·
460 4157 473 4212 l,
492 4149 517 4202 ol
533 4145 677 4222 βάρβαροι
694 4143 912 4223 όννθοαόᾶμονοι
929 4139 962 4200 τὸ
975 4137 1092 4222 γεγονός.

167 4231 189 4303 ⁴)
207 4235 248 4287 cf.
267 4237 324 4288 Pol.
344 4237 464 4290 utba
483 4229 730 4308 ἀποκεχωρηκότων
748 4237 802 4289 νῶν
819 4231 970 4307 βαρβάρων
988 4239 1026 4299 εἱς
1042 4226 1091 4308 τήν
1107 4228 1194 4288 πόλιν.
