<?xml version="1.0" encoding="UTF-8"?>
<!DOCTYPE html PUBLIC "-//W3C//DTD XHTML 1.0 Transitional//EN"
    "http://www.w3.org/TR/xhtml1/DTD/xhtml1-transitional.dtd">
<html xmlns="http://www.w3.org/1999/xhtml" xml:lang="en" lang="en">
 <head>
  <title>
</title>
<meta http-equiv="Content-Type" content="text/html;charset=utf-8" />
  <meta name='ocr-system' content='tesseract 3.04.00' />
  <meta name='ocr-capabilities' content='ocr_page ocr_carea ocr_par ocr_line ocrx_word'/>
</head>
<body>
  <div class='ocr_page' id='page_1' title='image "./defontibuslibro00lutegoog_0032.png"; bbox 0 0 2708 4628; ppageno 0'>
   <div class='ocr_carea' id='block_1_1' title="bbox 541 126 744 242">
    <p class='ocr_par' dir='ltr' id='par_1_1' title="bbox 541 126 744 242">
     <span class='ocr_line' id='line_1_1' title="bbox 541 126 744 242; baseline -0.005 1"><span class='ocrx_word' id='word_1_1' title='bbox 541 126 543 129; x_wconf 74' lang='grc'><em>’</em></span> <span class='ocrx_word' id='word_1_2' title='bbox 596 150 744 242; x_wconf 51' lang='lat' dir='ltr'>Aa„</span> 
     </span>
    </p>
   </div>
   <div class='ocr_carea' id='block_1_2' title="bbox 99 340 1341 926">
    <p class='ocr_par' dir='ltr' id='par_1_2' title="bbox 99 340 1341 926">
     <span class='ocr_line' id='line_1_2' title="bbox 99 340 1296 426; baseline -0.008 -13"><span class='ocrx_word' id='word_1_3' title='bbox 99 351 262 413; x_wconf 85' lang='lat' dir='ltr'>Romanum</span> <span class='ocrx_word' id='word_1_4' title='bbox 283 349 450 411; x_wconf 85' lang='lat' dir='ltr'>mandatum</span> <span class='ocrx_word' id='word_1_5' title='bbox 479 354 562 420; x_wconf 90' lang='lat' dir='ltr'>esset,</span> <span class='ocrx_word' id='word_1_6' title='bbox 588 341 666 406; x_wconf 79' lang='lat' dir='ltr'>nibil</span> <span class='ocrx_word' id='word_1_7' title='bbox 687 340 918 426; x_wconf 72' lang='lat' dir='ltr'><em>prolatandum</em></span> <span class='ocrx_word' id='word_1_8' title='bbox 946 353 1055 404; x_wconf 83' lang='lat' dir='ltr'>ratus.</span> <span class='ocrx_word' id='word_1_9' title='bbox 1071 391 1075 403; x_wconf 93' lang='lat'>.</span> <span class='ocrx_word' id='word_1_10' title='bbox 1133 345 1244 420; x_wconf 88' lang='lat' dir='ltr'>Sagun·</span> <span class='ocrx_word' id='word_1_11' title='bbox 1292 379 1296 386; x_wconf 86' lang='lat'><em>-</em></span> 
     </span>
     <span class='ocr_line' id='line_1_3' title="bbox 99 434 1341 533; baseline -0.007 -23"><span class='ocrx_word' id='word_1_12' title='bbox 99 436 168 510; x_wconf 87' lang='lat' dir='ltr'>tinis</span> <span class='ocrx_word' id='word_1_13' title='bbox 200 448 309 509; x_wconf 90' lang='lat' dir='ltr'>inferre</span> <span class='ocrx_word' id='word_1_14' title='bbox 340 447 450 526; x_wconf 91' lang='lat' dir='ltr'>bellum</span> <span class='ocrx_word' id='word_1_15' title='bbox 476 449 617 531; x_wconf 78' lang='lat' dir='ltr'>statuit“;</span> <span class='ocrx_word' id='word_1_16' title='bbox 651 464 718 506; x_wconf 91' lang='lat' dir='ltr'>nam</span> <span class='ocrx_word' id='word_1_17' title='bbox 740 434 811 507; x_wconf 85' lang='lat' dir='ltr'>boec</span> <span class='ocrx_word' id='word_1_18' title='bbox 842 463 900 506; x_wconf 89' lang='lat' dir='ltr'>non</span> <span class='ocrx_word' id='word_1_19' title='bbox 922 448 1095 506; x_wconf 88' lang='lat' dir='ltr'>conveniunt</span> <span class='ocrx_word' id='word_1_20' title='bbox 1117 463 1180 505; x_wconf 89' lang='lat' dir='ltr'>oum</span> <span class='ocrx_word' id='word_1_21' title='bbox 1202 447 1245 504; x_wconf 91' lang='lat' dir='ltr'>eis</span> <span class='ocrx_word' id='word_1_22' title='bbox 1339 526 1341 533; x_wconf 28' lang='grc' dir='ltr'>Ι</span> 
     </span>
     <span class='ocr_line' id='line_1_4' title="bbox 99 541 1246 625; baseline -0.007 -15"><span class='ocrx_word' id='word_1_23' title='bbox 99 566 175 625; x_wconf 83' lang='lat' dir='ltr'>quae</span> <span class='ocrx_word' id='word_1_24' title='bbox 199 553 359 624; x_wconf 84' lang='lat' dir='ltr'>sequuntur</span> <span class='ocrx_word' id='word_1_25' title='bbox 380 564 510 622; x_wconf 80' lang='lat' dir='ltr'>quaeque</span> <span class='ocrx_word' id='word_1_26' title='bbox 531 547 614 606; x_wconf 89' lang='lat' dir='ltr'>Livio</span> <span class='ocrx_word' id='word_1_27' title='bbox 635 563 699 606; x_wconf 92' lang='lat' dir='ltr'>cum</span> <span class='ocrx_word' id='word_1_28' title='bbox 723 545 844 620; x_wconf 86' lang='lat' dir='ltr'>Polybio</span> <span class='ocrx_word' id='word_1_29' title='bbox 867 548 915 616; x_wconf 71' lang='grc' dir='ltr'>(δ’</span> <span class='ocrx_word' id='word_1_30' title='bbox 931 549 987 604; x_wconf 84' lang='grc'>14·</span> <span class='ocrx_word' id='word_1_31' title='bbox 1002 541 1053 618; x_wconf 88' lang='grc'>10)</span> <span class='ocrx_word' id='word_1_32' title='bbox 1085 546 1246 604; x_wconf 89' lang='lat' dir='ltr'>communia</span> 
     </span>
     <span class='ocr_line' id='line_1_5' title="bbox 100 635 1242 723; baseline -0.006 -12"><span class='ocrx_word' id='word_1_33' title='bbox 100 657 185 713; x_wconf 90' lang='lat' dir='ltr'>suut:</span> <span class='ocrx_word' id='word_1_34' title='bbox 212 635 331 723; x_wconf 84' lang='lat' dir='ltr'>„quibus</span> <span class='ocrx_word' id='word_1_35' title='bbox 353 646 562 722; x_wconf 79' lang='lat' dir='ltr'>oppugnandis,</span> <span class='ocrx_word' id='word_1_36' title='bbox 586 647 653 719; x_wconf 88' lang='lat' dir='ltr'>quia</span> <span class='ocrx_word' id='word_1_37' title='bbox 680 646 757 706; x_wconf 86' lang='lat' dir='ltr'>haud</span> <span class='ocrx_word' id='word_1_38' title='bbox 780 645 866 706; x_wconf 89' lang='lat' dir='ltr'>dubie</span> <span class='ocrx_word' id='word_1_39' title='bbox 887 645 1020 705; x_wconf 90' lang='lat' dir='ltr'>Romana</span> <span class='ocrx_word' id='word_1_40' title='bbox 1042 662 1123 706; x_wconf 88' lang='lat' dir='ltr'>arma</span> <span class='ocrx_word' id='word_1_41' title='bbox 1145 661 1242 704; x_wconf 83' lang='lat' dir='ltr'>move·</span> 
     </span>
     <span class='ocr_line' id='line_1_6' title="bbox 102 746 1246 820; baseline -0.005 -10"><span class='ocrx_word' id='word_1_42' title='bbox 102 753 219 818; x_wconf 80' lang='lat' dir='ltr'><strong>bantur,</strong></span> <span class='ocrx_word' id='word_1_43' title='bbox 252 750 281 806; x_wconf 90' lang='lat' dir='ltr'>in</span> <span class='ocrx_word' id='word_1_44' title='bbox 304 747 440 806; x_wconf 80' lang='lat' dir='ltr'><strong>Olcadum</strong></span> <span class='ocrx_word' id='word_1_45' title='bbox 469 747 549 820; x_wconf 89' lang='lat' dir='ltr'>prius</span> <span class='ocrx_word' id='word_1_46' title='bbox 581 746 652 804; x_wconf 88' lang='grc'>41444</span> <span class='ocrx_word' id='word_1_47' title='bbox 683 746 796 806; x_wconf 82' lang='lat' dir='ltr'>induxit</span> <span class='ocrx_word' id='word_1_48' title='bbox 817 746 983 815; x_wconf 81' lang='lat' dir='ltr'>exercitum,</span> <span class='ocrx_word' id='word_1_49' title='bbox 1011 752 1120 805; x_wconf 89' lang='lat' dir='ltr'>utnon</span> <span class='ocrx_word' id='word_1_50' title='bbox 1141 746 1246 818; x_wconf 89' lang='lat' dir='ltr'>petisse</span> 
     </span>
     <span class='ocr_line' id='line_1_7' title="bbox 102 836 1245 926; baseline -0.008 -15"><span class='ocrx_word' id='word_1_51' title='bbox 102 850 285 926; x_wconf 87' lang='lat' dir='ltr'>Saguntinos,</span> <span class='ocrx_word' id='word_1_52' title='bbox 307 848 358 909; x_wconf 88' lang='lat' dir='ltr'>sed</span> <span class='ocrx_word' id='word_1_53' title='bbox 377 864 475 906; x_wconf 91' lang='lat' dir='ltr'>rerum</span> <span class='ocrx_word' id='word_1_54' title='bbox 497 848 579 916; x_wconf 87' lang='lat' dir='ltr'>serie,</span> <span class='ocrx_word' id='word_1_55' title='bbox 600 847 728 905; x_wconf 86' lang='lat' dir='ltr'>finitimis</span> <span class='ocrx_word' id='word_1_56' title='bbox 750 846 865 905; x_wconf 91' lang='lat' dir='ltr'>domitis</span> <span class='ocrx_word' id='word_1_57' title='bbox 879 845 1020 918; x_wconf 88' lang='lat' dir='ltr'>gentibus,</span> <span class='ocrx_word' id='word_1_58' title='bbox 1042 836 1245 920; x_wconf 80' lang='lat' dir='ltr'>iungendoque</span> 
     </span>
    </p>
   </div>
   <div class='ocr_carea' id='block_1_3' title="bbox 102 942 1247 1021">
    <p class='ocr_par' dir='ltr' id='par_1_3' title="bbox 102 942 1247 1021">
     <span class='ocr_line' id='line_1_8' title="bbox 102 942 1247 1021; baseline -0.003 -13"><span class='ocrx_word' id='word_1_59' title='bbox 102 955 212 1010; x_wconf 87' lang='lat' dir='ltr'>tractus</span> <span class='ocrx_word' id='word_1_60' title='bbox 240 948 279 1007; x_wconf 86' lang='lat' dir='ltr'>ad</span> <span class='ocrx_word' id='word_1_61' title='bbox 308 948 338 1008; x_wconf 91' lang='lat' dir='ltr'>id</span> <span class='ocrx_word' id='word_1_62' title='bbox 366 946 474 1007; x_wconf 92' lang='lat' dir='ltr'>bellum</span> <span class='ocrx_word' id='word_1_63' title='bbox 496 947 587 1006; x_wconf 89' lang='lat' dir='ltr'>videri</span> <span class='ocrx_word' id='word_1_64' title='bbox 607 951 739 1021; x_wconf 62' lang='lat' dir='ltr'>posset‘b</span> <span class='ocrx_word' id='word_1_65' title='bbox 781 947 845 1006; x_wconf 85' lang='lat' dir='ltr'>Non</span> <span class='ocrx_word' id='word_1_66' title='bbox 867 945 953 1006; x_wconf 84' lang='lat' dir='ltr'>aliter</span> <span class='ocrx_word' id='word_1_67' title='bbox 975 947 1063 1020; x_wconf 89' lang='lat' dir='ltr'>igitur</span> <span class='ocrx_word' id='word_1_68' title='bbox 1085 951 1170 1017; x_wconf 87' lang='lat' dir='ltr'>atque</span> <span class='ocrx_word' id='word_1_69' title='bbox 1192 942 1247 1004; x_wconf 93' lang='lat' dir='ltr'>Po-</span> 
     </span>
    </p>
   </div>
   <div class='ocr_carea' id='block_1_4' title="bbox 102 1044 1349 1129">
    <p class='ocr_par' dir='ltr' id='par_1_4' title="bbox 102 1044 1349 1129">
     <span class='ocr_line' id='line_1_9' title="bbox 102 1044 1349 1129; baseline -0.009 -17"><span class='ocrx_word' id='word_1_70' title='bbox 102 1050 201 1129; x_wconf 90' lang='lat' dir='ltr'>lybius</span> <span class='ocrx_word' id='word_1_71' title='bbox 234 1047 298 1122; x_wconf 79' lang='lat'><em>(111.</em></span> <span class='ocrx_word' id='word_1_72' title='bbox 326 1048 362 1105; x_wconf 86' lang='lat'>13</span> <span class='ocrx_word' id='word_1_73' title='bbox 385 1051 415 1108; x_wconf 87' lang='lat' dir='ltr'>et</span> <span class='ocrx_word' id='word_1_74' title='bbox 441 1044 612 1121; x_wconf 73' lang='grc'>14141444</span> <span class='ocrx_word' id='word_1_75' title='bbox 645 1046 842 1120; x_wconf 82' lang='lat' dir='ltr'>expeditiones</span> <span class='ocrx_word' id='word_1_76' title='bbox 864 1046 1037 1106; x_wconf 81' lang='lat' dir='ltr'>Hannibalis</span> <span class='ocrx_word' id='word_1_77' title='bbox 1066 1050 1249 1104; x_wconf 80' lang='lat' dir='ltr'>contraires</span> <span class='ocrx_word' id='word_1_78' title='bbox 1345 1054 1349 1062; x_wconf 73' lang='grc'><em>“</em></span> 
     </span>
    </p>
   </div>
   <div class='ocr_carea' id='block_1_5' title="bbox 102 1146 1335 3327">
    <p class='ocr_par' dir='ltr' id='par_1_5' title="bbox 102 1146 1250 1922">
     <span class='ocr_line' id='line_1_10' title="bbox 102 1146 1248 1221; baseline -0.007 -9"><span class='ocrx_word' id='word_1_79' title='bbox 102 1149 169 1212; x_wconf 86' lang='grc'>41144</span> <span class='ocrx_word' id='word_1_80' title='bbox 190 1149 348 1221; x_wconf 87' lang='lat' dir='ltr'>Hispaniae</span> <span class='ocrx_word' id='word_1_81' title='bbox 367 1148 488 1221; x_wconf 87' lang='lat' dir='ltr'>populos</span> <span class='ocrx_word' id='word_1_82' title='bbox 510 1146 603 1207; x_wconf 85' lang='lat' dir='ltr'>factas</span> <span class='ocrx_word' id='word_1_83' title='bbox 625 1152 739 1218; x_wconf 89' lang='lat' dir='ltr'>narrat;</span> <span class='ocrx_word' id='word_1_84' title='bbox 762 1163 797 1205; x_wconf 88' lang='grc'>44</span> <span class='ocrx_word' id='word_1_85' title='bbox 818 1152 914 1205; x_wconf 90' lang='lat' dir='ltr'>autem</span> <span class='ocrx_word' id='word_1_86' title='bbox 937 1146 1060 1204; x_wconf 88' lang='lat' dir='ltr'>hiberna</span> <span class='ocrx_word' id='word_1_87' title='bbox 1074 1146 1248 1218; x_wconf 79' lang='lat' dir='ltr'>Cartbagine</span> 
     </span>
     <span class='ocr_line' id='line_1_11' title="bbox 103 1247 1248 1322; baseline -0.005 -14"><span class='ocrx_word' id='word_1_88' title='bbox 103 1265 179 1308; x_wconf 86' lang='lat' dir='ltr'>nova</span> <span class='ocrx_word' id='word_1_89' title='bbox 198 1247 285 1320; x_wconf 85' lang='lat' dir='ltr'>faeta,</span> <span class='ocrx_word' id='word_1_90' title='bbox 318 1265 392 1322; x_wconf 87' lang='lat' dir='ltr'>qnae</span> <span class='ocrx_word' id='word_1_91' title='bbox 413 1247 475 1308; x_wconf 82' lang='lat' dir='ltr'>Pol.</span> <span class='ocrx_word' id='word_1_92' title='bbox 505 1251 541 1307; x_wconf 87' lang='lat'>3·</span> <span class='ocrx_word' id='word_1_93' title='bbox 557 1252 643 1307; x_wconf 84' lang='grc'>153</span> <span class='ocrx_word' id='word_1_94' title='bbox 668 1252 890 1320; x_wconf 82' lang='lat' dir='ltr'>commemorat,</span> <span class='ocrx_word' id='word_1_95' title='bbox 923 1247 1021 1304; x_wconf 90' lang='lat' dir='ltr'>Livius</span> <span class='ocrx_word' id='word_1_96' title='bbox 1045 1247 1160 1313; x_wconf 87' lang='lat' dir='ltr'>omittit,</span> <span class='ocrx_word' id='word_1_97' title='bbox 1182 1261 1248 1304; x_wconf 88' lang='lat' dir='ltr'>oum</span> 
     </span>
     <span class='ocr_line' id='line_1_12' title="bbox 104 1346 1248 1420; baseline -0.006 -9"><span class='ocrx_word' id='word_1_98' title='bbox 104 1347 258 1420; x_wconf 88' lang='lat' dir='ltr'>Polybium</span> <span class='ocrx_word' id='word_1_99' title='bbox 299 1348 366 1408; x_wconf 88' lang='lat' dir='ltr'>inde</span> <span class='ocrx_word' id='word_1_100' title='bbox 402 1364 419 1406; x_wconf 91' lang='lat' dir='ltr'>a</span> <span class='ocrx_word' id='word_1_101' title='bbox 455 1349 491 1405; x_wconf 75' lang='lat'>3·</span> <span class='ocrx_word' id='word_1_102' title='bbox 508 1350 562 1406; x_wconf 89' lang='grc'>14·</span> <span class='ocrx_word' id='word_1_103' title='bbox 577 1350 613 1405; x_wconf 88' lang='grc'>10</span> <span class='ocrx_word' id='word_1_104' title='bbox 649 1347 808 1419; x_wconf 80' lang='lat' dir='ltr'>reliquerit,</span> <span class='ocrx_word' id='word_1_105' title='bbox 852 1352 882 1404; x_wconf 89' lang='lat' dir='ltr'>et</span> <span class='ocrx_word' id='word_1_106' title='bbox 920 1346 1111 1405; x_wconf 89' lang='lat' dir='ltr'>Hannibalem</span> <span class='ocrx_word' id='word_1_107' title='bbox 1147 1347 1248 1404; x_wconf 89' lang='lat' dir='ltr'>eodem</span> 
     </span>
     <span class='ocr_line' id='line_1_13' title="bbox 103 1445 1249 1521; baseline -0.005 -11"><span class='ocrx_word' id='word_1_108' title='bbox 103 1465 191 1520; x_wconf 91' lang='lat' dir='ltr'>anno,</span> <span class='ocrx_word' id='word_1_109' title='bbox 219 1464 276 1521; x_wconf 89' lang='lat' dir='ltr'>quo</span> <span class='ocrx_word' id='word_1_110' title='bbox 298 1448 421 1509; x_wconf 85' lang='lat' dir='ltr'>Vaccaei</span> <span class='ocrx_word' id='word_1_111' title='bbox 453 1452 483 1506; x_wconf 92' lang='lat' dir='ltr'>et</span> <span class='ocrx_word' id='word_1_112' title='bbox 504 1447 661 1520; x_wconf 80' lang='lat' dir='ltr'>Carpetani</span> <span class='ocrx_word' id='word_1_113' title='bbox 692 1447 759 1505; x_wconf 88' lang='lat' dir='ltr'>victi</span> <span class='ocrx_word' id='word_1_114' title='bbox 792 1447 936 1519; x_wconf 88' lang='lat' dir='ltr'>dicuntur,</span> <span class='ocrx_word' id='word_1_115' title='bbox 960 1445 1117 1520; x_wconf 84' lang='lat' dir='ltr'>Saguntum</span> <span class='ocrx_word' id='word_1_116' title='bbox 1146 1464 1249 1520; x_wconf 87' lang='lat' dir='ltr'>aggre-</span> 
     </span>
     <span class='ocr_line' id='line_1_14' title="bbox 104 1544 1249 1619; baseline -0.005 -9"><span class='ocrx_word' id='word_1_117' title='bbox 104 1549 230 1610; x_wconf 85' lang='lat' dir='ltr'>dientem</span> <span class='ocrx_word' id='word_1_118' title='bbox 259 1545 339 1606; x_wconf 85' lang='lat' dir='ltr'>fsoit.</span> <span class='ocrx_word' id='word_1_119' title='bbox 392 1548 438 1606; x_wconf 92' lang='lat' dir='ltr'>Ita</span> <span class='ocrx_word' id='word_1_120' title='bbox 469 1544 577 1606; x_wconf 87' lang='lat' dir='ltr'>factum</span> <span class='ocrx_word' id='word_1_121' title='bbox 613 1553 665 1618; x_wconf 90' lang='lat' dir='ltr'>est,</span> <span class='ocrx_word' id='word_1_122' title='bbox 702 1552 735 1604; x_wconf 90' lang='lat' dir='ltr'>ut</span> <span class='ocrx_word' id='word_1_123' title='bbox 769 1547 867 1605; x_wconf 86' lang='lat' dir='ltr'>Livius</span> <span class='ocrx_word' id='word_1_124' title='bbox 904 1550 961 1603; x_wconf 88' lang='grc'>21·</span> <span class='ocrx_word' id='word_1_125' title='bbox 977 1549 1011 1604; x_wconf 86' lang='grc'>6·</span> <span class='ocrx_word' id='word_1_126' title='bbox 1027 1551 1054 1619; x_wconf 91' lang='grc'>3,</span> <span class='ocrx_word' id='word_1_127' title='bbox 1092 1563 1156 1604; x_wconf 90' lang='lat' dir='ltr'>cum</span> <span class='ocrx_word' id='word_1_128' title='bbox 1191 1549 1249 1605; x_wconf 88' lang='lat' dir='ltr'>iam</span> 
     </span>
     <span class='ocr_line' id='line_1_15' title="bbox 107 1645 1250 1733; baseline -0.003 -27"><span class='ocrx_word' id='word_1_129' title='bbox 107 1650 183 1706; x_wconf 87' lang='lat' dir='ltr'>inter</span> <span class='ocrx_word' id='word_1_130' title='bbox 205 1651 327 1705; x_wconf 91' lang='lat' dir='ltr'>mortem</span> <span class='ocrx_word' id='word_1_131' title='bbox 356 1646 547 1706; x_wconf 87' lang='lat' dir='ltr'>Hasdrubalis</span> <span class='ocrx_word' id='word_1_132' title='bbox 576 1645 666 1733; x_wconf 61' lang='lat'>(219)</span> <span class='ocrx_word' id='word_1_133' title='bbox 696 1650 725 1703; x_wconf 91' lang='lat' dir='ltr'>et</span> <span class='ocrx_word' id='word_1_134' title='bbox 756 1645 876 1719; x_wconf 86' lang='lat' dir='ltr'>Sagunti</span> <span class='ocrx_word' id='word_1_135' title='bbox 906 1647 1150 1720; x_wconf 89' lang='lat' dir='ltr'>oppugnationem</span> <span class='ocrx_word' id='word_1_136' title='bbox 1178 1663 1250 1704; x_wconf 90' lang='lat' dir='ltr'>unus</span> 
     </span>
     <span class='ocr_line' id='line_1_16' title="bbox 106 1745 1250 1820; baseline -0.004 -13"><span class='ocrx_word' id='word_1_137' title='bbox 106 1761 199 1807; x_wconf 87' lang='lat' dir='ltr'>annus</span> <span class='ocrx_word' id='word_1_138' title='bbox 219 1745 420 1819; x_wconf 80' lang='lat' dir='ltr'>intercederet,</span> <span class='ocrx_word' id='word_1_139' title='bbox 440 1747 552 1820; x_wconf 90' lang='lat' dir='ltr'>legatos</span> <span class='ocrx_word' id='word_1_140' title='bbox 575 1747 795 1819; x_wconf 81' lang='lat' dir='ltr'>Saguntinorum</span> <span class='ocrx_word' id='word_1_141' title='bbox 817 1761 893 1805; x_wconf 91' lang='lat' dir='ltr'>anno</span> <span class='ocrx_word' id='word_1_142' title='bbox 916 1749 976 1804; x_wconf 85' lang='grc'>218</span> <span class='ocrx_word' id='word_1_143' title='bbox 998 1745 1119 1805; x_wconf 88' lang='lat' dir='ltr'>Romam</span> <span class='ocrx_word' id='word_1_144' title='bbox 1141 1745 1250 1804; x_wconf 87' lang='lat' dir='ltr'>venisse</span> 
     </span>
     <span class='ocr_line' id='line_1_17' title="bbox 107 1851 234 1922; baseline 0 -18"><span class='ocrx_word' id='word_1_145' title='bbox 107 1851 234 1922; x_wconf 87' lang='lat' dir='ltr'>putaret.</span> 
     </span>
    </p>

    <p class='ocr_par' dir='ltr' id='par_1_6' title="bbox 107 1942 1250 2217">
     <span class='ocr_line' id='line_1_18' title="bbox 192 1942 1250 2020; baseline -0.001 -15"><span class='ocrx_word' id='word_1_146' title='bbox 192 1947 289 2018; x_wconf 73' lang='lat' dir='ltr'>Quare</span> <span class='ocrx_word' id='word_1_147' title='bbox 316 1963 372 2006; x_wconf 95' lang='lat' dir='ltr'>non</span> <span class='ocrx_word' id='word_1_148' title='bbox 403 1946 511 2019; x_wconf 88' lang='lat' dir='ltr'>dubito,</span> <span class='ocrx_word' id='word_1_149' title='bbox 541 1948 609 2020; x_wconf 91' lang='lat' dir='ltr'>quin</span> <span class='ocrx_word' id='word_1_150' title='bbox 637 1946 736 2005; x_wconf 89' lang='lat' dir='ltr'>Livius</span> <span class='ocrx_word' id='word_1_151' title='bbox 766 1942 809 2020; x_wconf 56' lang='lat' dir='ltr'>§S</span> <span class='ocrx_word' id='word_1_152' title='bbox 838 1947 940 2003; x_wconf 83' lang='lat'><strong>3-17</strong></span> <span class='ocrx_word' id='word_1_153' title='bbox 972 1963 1036 2019; x_wconf 83' lang='lat' dir='ltr'>cap.</span> <span class='ocrx_word' id='word_1_154' title='bbox 1068 1946 1127 2005; x_wconf 89' lang='grc'>51.</span> <span class='ocrx_word' id='word_1_155' title='bbox 1152 1948 1188 2004; x_wconf 95' lang='grc'>21</span> <span class='ocrx_word' id='word_1_156' title='bbox 1215 1961 1250 2004; x_wconf 83' lang='lat' dir='ltr'>ex</span> 
     </span>
     <span class='ocr_line' id='line_1_19' title="bbox 107 2044 1248 2120; baseline 0.001 -16"><span class='ocrx_word' id='word_1_157' title='bbox 107 2044 229 2118; x_wconf 86' lang='lat' dir='ltr'>Polybio</span> <span class='ocrx_word' id='word_1_158' title='bbox 250 2047 386 2120; x_wconf 89' lang='lat' dir='ltr'>petiverit</span> <span class='ocrx_word' id='word_1_159' title='bbox 413 2051 443 2105; x_wconf 89' lang='lat' dir='ltr'>et</span> <span class='ocrx_word' id='word_1_160' title='bbox 474 2049 503 2105; x_wconf 88' lang='lat' dir='ltr'>in</span> <span class='ocrx_word' id='word_1_161' title='bbox 525 2047 651 2106; x_wconf 86' lang='lat' dir='ltr'>auctoris</span> <span class='ocrx_word' id='word_1_162' title='bbox 673 2046 820 2106; x_wconf 85' lang='lat' dir='ltr'>cuiusdam</span> <span class='ocrx_word' id='word_1_163' title='bbox 841 2045 965 2106; x_wconf 89' lang='lat' dir='ltr'>Romani</span> <span class='ocrx_word' id='word_1_164' title='bbox 987 2048 1182 2107; x_wconf 87' lang='lat' dir='ltr'>narrationem</span> <span class='ocrx_word' id='word_1_165' title='bbox 1204 2048 1248 2106; x_wconf 92' lang='lat' dir='ltr'>in·</span> 
     </span>
     <span class='ocr_line' id='line_1_20' title="bbox 109 2144 282 2217; baseline -0.029 -10"><span class='ocrx_word' id='word_1_166' title='bbox 109 2144 282 2217; x_wconf 85' lang='lat' dir='ltr'>seruerit).</span> 
     </span>
    </p>

    <p class='ocr_par' dir='ltr' id='par_1_7' title="bbox 107 2243 1254 2622">
     <span class='ocr_line' id='line_1_21' title="bbox 191 2243 1250 2318; baseline 0.002 -14"><span class='ocrx_word' id='word_1_167' title='bbox 191 2245 351 2305; x_wconf 86' lang='lat' dir='ltr'>Praeterea</span> <span class='ocrx_word' id='word_1_168' title='bbox 372 2246 403 2304; x_wconf 91' lang='lat' dir='ltr'>in</span> <span class='ocrx_word' id='word_1_169' title='bbox 423 2245 499 2305; x_wconf 88' lang='lat' dir='ltr'>Livii</span> <span class='ocrx_word' id='word_1_170' title='bbox 520 2246 601 2306; x_wconf 89' lang='lat' dir='ltr'>libris</span> <span class='ocrx_word' id='word_1_171' title='bbox 623 2247 695 2306; x_wconf 90' lang='lat' dir='ltr'>XXI</span> <span class='ocrx_word' id='word_1_172' title='bbox 715 2252 745 2306; x_wconf 93' lang='lat' dir='ltr'>et</span> <span class='ocrx_word' id='word_1_173' title='bbox 766 2243 851 2307; x_wconf 88' lang='lat' dir='ltr'>XXII</span> <span class='ocrx_word' id='word_1_174' title='bbox 872 2249 1002 2308; x_wconf 90' lang='lat' dir='ltr'>nonnulli</span> <span class='ocrx_word' id='word_1_175' title='bbox 1017 2253 1173 2307; x_wconf 87' lang='lat' dir='ltr'>occurrunt</span> <span class='ocrx_word' id='word_1_176' title='bbox 1185 2248 1250 2318; x_wconf 91' lang='lat' dir='ltr'>loci,</span> 
     </span>
     <span class='ocr_line' id='line_1_22' title="bbox 109 2346 1254 2422; baseline 0.002 -16"><span class='ocrx_word' id='word_1_177' title='bbox 109 2360 179 2421; x_wconf 87' lang='lat' dir='ltr'>qnos</span> <span class='ocrx_word' id='word_1_178' title='bbox 209 2349 256 2405; x_wconf 86' lang='lat' dir='ltr'>vix</span> <span class='ocrx_word' id='word_1_179' title='bbox 293 2346 453 2421; x_wconf 80' lang='lat' dir='ltr'>intellegas,</span> <span class='ocrx_word' id='word_1_180' title='bbox 487 2346 542 2404; x_wconf 92' lang='lat' dir='ltr'>nisi</span> <span class='ocrx_word' id='word_1_181' title='bbox 563 2348 676 2405; x_wconf 90' lang='lat' dir='ltr'>Livium</span> <span class='ocrx_word' id='word_1_182' title='bbox 708 2349 797 2409; x_wconf 89' lang='lat' dir='ltr'>verba</span> <span class='ocrx_word' id='word_1_183' title='bbox 818 2347 933 2422; x_wconf 86' lang='lat' dir='ltr'>Polybii</span> <span class='ocrx_word' id='word_1_184' title='bbox 960 2351 990 2406; x_wconf 93' lang='lat' dir='ltr'>in</span> <span class='ocrx_word' id='word_1_185' title='bbox 1012 2348 1099 2407; x_wconf 91' lang='lat' dir='ltr'>aliam</span> <span class='ocrx_word' id='word_1_186' title='bbox 1122 2365 1155 2407; x_wconf 88' lang='lat' dir='ltr'>ao</span> <span class='ocrx_word' id='word_1_187' title='bbox 1176 2348 1254 2408; x_wconf 89' lang='lat' dir='ltr'>dicta</span> 
     </span>
     <span class='ocr_line' id='line_1_23' title="bbox 107 2447 1250 2523; baseline 0.002 -19"><span class='ocrx_word' id='word_1_188' title='bbox 107 2448 289 2520; x_wconf 89' lang='lat' dir='ltr'>sintpartem</span> <span class='ocrx_word' id='word_1_189' title='bbox 311 2449 457 2520; x_wconf 88' lang='lat' dir='ltr'>accepisse</span> <span class='ocrx_word' id='word_1_190' title='bbox 479 2447 629 2507; x_wconf 88' lang='lat' dir='ltr'>concedas.</span> <span class='ocrx_word' id='word_1_191' title='bbox 672 2449 733 2507; x_wconf 87' lang='lat' dir='ltr'>Eos</span> <span class='ocrx_word' id='word_1_192' title='bbox 755 2451 897 2523; x_wconf 83' lang='lat' dir='ltr'>congessit</span> <span class='ocrx_word' id='word_1_193' title='bbox 912 2447 1059 2509; x_wconf 86' lang='lat' dir='ltr'>Woelfflin</span> <span class='ocrx_word' id='word_1_194' title='bbox 1072 2451 1103 2507; x_wconf 91' lang='lat' dir='ltr'>in</span> <span class='ocrx_word' id='word_1_195' title='bbox 1122 2464 1250 2522; x_wconf 85' lang='lat' dir='ltr'>prooem.</span> 
     </span>
     <span class='ocr_line' id='line_1_24' title="bbox 108 2541 629 2622; baseline -0.002 -16"><span class='ocrx_word' id='word_1_196' title='bbox 108 2546 178 2606; x_wconf 89' lang='lat' dir='ltr'>edit.</span> <span class='ocrx_word' id='word_1_197' title='bbox 200 2545 275 2606; x_wconf 86' lang='lat' dir='ltr'>Livii</span> <span class='ocrx_word' id='word_1_198' title='bbox 296 2547 315 2606; x_wconf 92' lang='lat' dir='ltr'>l.</span> <span class='ocrx_word' id='word_1_199' title='bbox 338 2547 410 2606; x_wconf 87' lang='lat' dir='ltr'>XXI</span> <span class='ocrx_word' id='word_1_200' title='bbox 432 2544 473 2621; x_wconf 85' lang='lat' dir='ltr'>(p.</span> <span class='ocrx_word' id='word_1_201' title='bbox 495 2541 629 2622; x_wconf 55' lang='lat' dir='ltr'>XXIV).</span> 
     </span>
    </p>

    <p class='ocr_par' dir='ltr' id='par_1_8' title="bbox 108 2646 1335 3327">
     <span class='ocr_line' id='line_1_25' title="bbox 193 2646 1254 2723; baseline 0.002 -17"><span class='ocrx_word' id='word_1_202' title='bbox 193 2646 315 2706; x_wconf 83' lang='lat' dir='ltr'>Accedit</span> <span class='ocrx_word' id='word_1_203' title='bbox 346 2646 423 2719; x_wconf 90' lang='lat' dir='ltr'>quod</span> <span class='ocrx_word' id='word_1_204' title='bbox 450 2646 563 2706; x_wconf 88' lang='lat' dir='ltr'>Livium</span> <span class='ocrx_word' id='word_1_205' title='bbox 590 2649 621 2706; x_wconf 91' lang='lat' dir='ltr'>in</span> <span class='ocrx_word' id='word_1_206' title='bbox 652 2647 733 2708; x_wconf 88' lang='lat' dir='ltr'>libris</span> <span class='ocrx_word' id='word_1_207' title='bbox 762 2649 987 2709; x_wconf 91' lang='lat' dir='ltr'>XXXI-XLV</span> <span class='ocrx_word' id='word_1_208' title='bbox 1019 2648 1141 2723; x_wconf 89' lang='lat' dir='ltr'>Polybio</span> <span class='ocrx_word' id='word_1_209' title='bbox 1174 2666 1254 2708; x_wconf 87' lang='lat' dir='ltr'>usum</span> 
     </span>
     <span class='ocr_line' id='line_1_26' title="bbox 108 2746 1254 2822; baseline 0 -17"><span class='ocrx_word' id='word_1_210' title='bbox 108 2763 171 2807; x_wconf 89' lang='grc'>4444</span> <span class='ocrx_word' id='word_1_211' title='bbox 192 2764 276 2806; x_wconf 89' lang='lat' dir='ltr'>nemo</span> <span class='ocrx_word' id='word_1_212' title='bbox 298 2751 396 2822; x_wconf 88' lang='lat' dir='ltr'>negat.</span> <span class='ocrx_word' id='word_1_213' title='bbox 439 2746 544 2806; x_wconf 87' lang='lat' dir='ltr'>Nonne</span> <span class='ocrx_word' id='word_1_214' title='bbox 565 2749 655 2820; x_wconf 83' lang='lat' dir='ltr'>igitur</span> <span class='ocrx_word' id='word_1_215' title='bbox 675 2749 830 2809; x_wconf 90' lang='lat' dir='ltr'>admodum</span> <span class='ocrx_word' id='word_1_216' title='bbox 862 2750 1014 2808; x_wconf 86' lang='lat' dir='ltr'>verisimile</span> <span class='ocrx_word' id='word_1_217' title='bbox 1036 2754 1081 2808; x_wconf 89' lang='lat' dir='ltr'>est</span> <span class='ocrx_word' id='word_1_218' title='bbox 1102 2749 1254 2822; x_wconf 91' lang='lat' dir='ltr'>Polybium</span> 
     </span>
     <span class='ocr_line' id='line_1_27' title="bbox 109 2846 1254 2919; baseline 0.002 -13"><span class='ocrx_word' id='word_1_219' title='bbox 109 2847 192 2906; x_wconf 89' lang='lat' dir='ltr'>Livio</span> <span class='ocrx_word' id='word_1_220' title='bbox 224 2849 281 2906; x_wconf 86' lang='lat' dir='ltr'>iarn</span> <span class='ocrx_word' id='word_1_221' title='bbox 313 2852 374 2906; x_wconf 90' lang='lat' dir='ltr'>tum</span> <span class='ocrx_word' id='word_1_222' title='bbox 405 2852 505 2907; x_wconf 91' lang='lat' dir='ltr'>notum</span> <span class='ocrx_word' id='word_1_223' title='bbox 536 2846 632 2919; x_wconf 84' lang='lat' dir='ltr'>fuisse,</span> <span class='ocrx_word' id='word_1_224' title='bbox 674 2865 737 2909; x_wconf 88' lang='lat' dir='ltr'>oum</span> <span class='ocrx_word' id='word_1_225' title='bbox 768 2851 886 2908; x_wconf 87' lang='lat' dir='ltr'>tertiam</span> <span class='ocrx_word' id='word_1_226' title='bbox 919 2849 1056 2909; x_wconf 85' lang='lat' dir='ltr'>decadem</span> <span class='ocrx_word' id='word_1_227' title='bbox 1089 2848 1254 2908; x_wconf 84' lang='lat' dir='ltr'>scriberet?</span> 
     </span>
     <span class='ocr_line' id='line_1_28' title="bbox 110 2947 1255 3026; baseline -0.001 -18"><span class='ocrx_word' id='word_1_228' title='bbox 110 2949 173 3008; x_wconf 85' lang='lat' dir='ltr'>Iam</span> <span class='ocrx_word' id='word_1_229' title='bbox 200 2953 329 3008; x_wconf 82' lang='lat' dir='ltr'>extremo</span> <span class='ocrx_word' id='word_1_230' title='bbox 351 2950 454 3009; x_wconf 87' lang='lat' dir='ltr'>tertiae</span> <span class='ocrx_word' id='word_1_231' title='bbox 471 2949 585 3009; x_wconf 84' lang='lat' dir='ltr'>decadis</span> <span class='ocrx_word' id='word_1_232' title='bbox 605 2948 679 3008; x_wconf 91' lang='lat' dir='ltr'>libro</span> <span class='ocrx_word' id='word_1_233' title='bbox 700 2950 761 3021; x_wconf 89' lang='lat' dir='ltr'>ipse</span> <span class='ocrx_word' id='word_1_234' title='bbox 782 2951 868 3008; x_wconf 90' lang='lat' dir='ltr'>semel</span> <span class='ocrx_word' id='word_1_235' title='bbox 892 2949 1044 3026; x_wconf 85' lang='lat' dir='ltr'>profitetur</span> <span class='ocrx_word' id='word_1_236' title='bbox 1058 2965 1087 3007; x_wconf 88' lang='lat' dir='ltr'>se</span> <span class='ocrx_word' id='word_1_237' title='bbox 1102 2947 1255 3020; x_wconf 91' lang='lat' dir='ltr'>Polybium</span> 
     </span>
     <span class='ocr_line' id='line_1_29' title="bbox 110 3048 1335 3125; baseline 0.002 -19"><span class='ocrx_word' id='word_1_238' title='bbox 110 3054 240 3108; x_wconf 86' lang='lat' dir='ltr'>secutum</span> <span class='ocrx_word' id='word_1_239' title='bbox 271 3048 380 3120; x_wconf 80' lang='lat' dir='ltr'>esse⁸).</span> <span class='ocrx_word' id='word_1_240' title='bbox 425 3049 500 3120; x_wconf 74' lang='lat' dir='ltr'>Quin</span> <span class='ocrx_word' id='word_1_241' title='bbox 528 3052 613 3109; x_wconf 89' lang='lat' dir='ltr'>etiam</span> <span class='ocrx_word' id='word_1_242' title='bbox 636 3050 747 3120; x_wconf 86' lang='lat' dir='ltr'>Keller,</span> <span class='ocrx_word' id='word_1_243' title='bbox 777 3049 825 3121; x_wconf 92' lang='lat' dir='ltr'>qni</span> <span class='ocrx_word' id='word_1_244' title='bbox 853 3054 882 3108; x_wconf 86' lang='lat' dir='ltr'>et</span> <span class='ocrx_word' id='word_1_245' title='bbox 903 3048 1052 3125; x_wconf 88' lang='lat' dir='ltr'>Polybium</span> <span class='ocrx_word' id='word_1_246' title='bbox 1085 3054 1114 3107; x_wconf 90' lang='lat' dir='ltr'>et</span> <span class='ocrx_word' id='word_1_247' title='bbox 1142 3049 1255 3109; x_wconf 85' lang='lat' dir='ltr'>Livium</span> <span class='ocrx_word' id='word_1_248' title='bbox 1329 3116 1335 3123; x_wconf 15' lang='lat' dir='ltr'>g</span> 
     </span>
     <span class='ocr_line' id='line_1_30' title="bbox 109 3147 1252 3222; baseline -0.001 -15"><span class='ocrx_word' id='word_1_249' title='bbox 109 3149 138 3207; x_wconf 93' lang='lat' dir='ltr'>in</span> <span class='ocrx_word' id='word_1_250' title='bbox 170 3147 246 3208; x_wconf 90' lang='lat' dir='ltr'>bello</span> <span class='ocrx_word' id='word_1_251' title='bbox 278 3150 467 3208; x_wconf 89' lang='lat' dir='ltr'>Hannibalioo</span> <span class='ocrx_word' id='word_1_252' title='bbox 499 3150 662 3210; x_wconf 89' lang='lat' dir='ltr'>enarrando</span> <span class='ocrx_word' id='word_1_253' title='bbox 690 3149 805 3208; x_wconf 88' lang='lat' dir='ltr'>Pisonis</span> <span class='ocrx_word' id='word_1_254' title='bbox 836 3150 959 3222; x_wconf 80' lang='lat' dir='ltr'>vestigia</span> <span class='ocrx_word' id='word_1_255' title='bbox 991 3149 1169 3222; x_wconf 86' lang='lat' dir='ltr'>expressisse</span> <span class='ocrx_word' id='word_1_256' title='bbox 1199 3165 1252 3220; x_wconf 95' lang='lat' dir='ltr'>pro</span> 
     </span>
     <span class='ocr_line' id='line_1_31' title="bbox 108 3249 1253 3327; baseline -0.003 -17"><span class='ocrx_word' id='word_1_257' title='bbox 108 3249 297 3321; x_wconf 85' lang='lat' dir='ltr'>certohabet,</span> <span class='ocrx_word' id='word_1_258' title='bbox 320 3269 347 3327; x_wconf 90' lang='lat' dir='ltr'>p.</span> <span class='ocrx_word' id='word_1_259' title='bbox 373 3252 431 3310; x_wconf 89' lang='grc'>159</span> <span class='ocrx_word' id='word_1_260' title='bbox 453 3255 561 3322; x_wconf 91' lang='lat' dir='ltr'>monet,</span> <span class='ocrx_word' id='word_1_261' title='bbox 584 3249 697 3310; x_wconf 88' lang='lat' dir='ltr'>Livium</span> <span class='ocrx_word' id='word_1_262' title='bbox 718 3249 748 3307; x_wconf 94' lang='lat' dir='ltr'>in</span> <span class='ocrx_word' id='word_1_263' title='bbox 761 3250 850 3308; x_wconf 89' lang='lat' dir='ltr'>tertia</span> <span class='ocrx_word' id='word_1_264' title='bbox 869 3264 983 3324; x_wconf 88' lang='lat' dir='ltr'>quoque</span> <span class='ocrx_word' id='word_1_265' title='bbox 1006 3249 1113 3308; x_wconf 91' lang='lat' dir='ltr'>decade</span> <span class='ocrx_word' id='word_1_266' title='bbox 1128 3265 1176 3310; x_wconf 89' lang='lat' dir='ltr'>eas</span> <span class='ocrx_word' id='word_1_267' title='bbox 1192 3265 1253 3322; x_wconf 88' lang='lat' dir='ltr'>res,</span> 
     </span>
    </p>
   </div>
   <div class='ocr_carea' id='block_1_6' title="bbox 87 3541 1328 4246">
    <p class='ocr_par' dir='ltr' id='par_1_9' title="bbox 87 3541 1328 4246">
     <span class='ocr_line' id='line_1_32' title="bbox 180 3541 1309 3634; baseline 0.002 -18"><span class='ocrx_word' id='word_1_268' title='bbox 180 3560 199 3630; x_wconf 86' lang='lat'>¹)</span> <span class='ocrx_word' id='word_1_269' title='bbox 219 3563 356 3628; x_wconf 78' lang='lat' dir='ltr'>„Ceterum</span> <span class='ocrx_word' id='word_1_270' title='bbox 378 3552 454 3616; x_wconf 74' lang='grc'>144144</span> <span class='ocrx_word' id='word_1_271' title='bbox 478 3566 526 3616; x_wconf 83' lang='lat' dir='ltr'>auf</span> <span class='ocrx_word' id='word_1_272' title='bbox 544 3541 701 3632; x_wconf 74' lang='lat' dir='ltr'>Beuitaung</span> <span class='ocrx_word' id='word_1_273' title='bbox 725 3569 799 3617; x_wconf 87' lang='lat' dir='ltr'>einer</span> <span class='ocrx_word' id='word_1_274' title='bbox 816 3581 903 3618; x_wconf 81' lang='lat' dir='ltr'>neuen</span> <span class='ocrx_word' id='word_1_275' title='bbox 922 3566 1043 3634; x_wconf 81' lang='lat' dir='ltr'>Qnelle“,</span> <span class='ocrx_word' id='word_1_276' title='bbox 1066 3567 1202 3618; x_wconf 85' lang='lat' dir='ltr'>Woelfflin</span> <span class='ocrx_word' id='word_1_277' title='bbox 1223 3567 1256 3618; x_wconf 86' lang='lat' dir='ltr'>ad</span> <span class='ocrx_word' id='word_1_278' title='bbox 1306 3623 1309 3626; x_wconf 58' lang='grc'>,</span> 
     </span>
     <span class='ocr_line' id='line_1_33' title="bbox 108 3649 1251 3720; baseline 0.002 -20"><span class='ocrx_word' id='word_1_279' title='bbox 108 3651 166 3703; x_wconf 84' lang='lat' dir='ltr'>Liv.</span> <span class='ocrx_word' id='word_1_280' title='bbox 191 3653 303 3703; x_wconf 69' lang='grc'>2151.</span> <span class='ocrx_word' id='word_1_281' title='bbox 327 3652 403 3706; x_wconf 79' lang='lat' dir='ltr'>conf.</span> <span class='ocrx_word' id='word_1_282' title='bbox 430 3653 544 3717; x_wconf 65' lang='grc'>2141,</span> <span class='ocrx_word' id='word_1_283' title='bbox 573 3653 654 3718; x_wconf 57' lang='lat' dir='ltr'>aiut,</span> <span class='ocrx_word' id='word_1_284' title='bbox 683 3654 769 3716; x_wconf 82' lang='lat' dir='ltr'>oo·8;</span> <span class='ocrx_word' id='word_1_285' title='bbox 809 3655 945 3720; x_wconf 61' lang='grc'>22346,</span> <span class='ocrx_word' id='word_1_286' title='bbox 980 3655 1059 3704; x_wconf 87' lang='grc'>41·1</span> <span class='ocrx_word' id='word_1_287' title='bbox 1089 3659 1116 3704; x_wconf 88' lang='grc'>44</span> <span class='ocrx_word' id='word_1_288' title='bbox 1143 3655 1158 3702; x_wconf 90' lang='grc'>2</span> <span class='ocrx_word' id='word_1_289' title='bbox 1196 3649 1251 3719; x_wconf 78' lang='grc'>(23·</span> 
     </span>
     <span class='ocr_line' id='line_1_34' title="bbox 110 3736 321 3805; baseline 0.014 -17"><span class='ocrx_word' id='word_1_290' title='bbox 110 3739 264 3802; x_wconf 80' lang='lat' dir='ltr'>14·1;1s·</span> <span class='ocrx_word' id='word_1_291' title='bbox 286 3736 321 3805; x_wconf 88' lang='lat'>1).</span> 
     </span>
     <span class='ocr_line' id='line_1_35' title="bbox 179 3812 1256 3895; baseline 0 -19"><span class='ocrx_word' id='word_1_292' title='bbox 179 3821 295 3889; x_wconf 65' lang='grc'>111444</span> <span class='ocrx_word' id='word_1_293' title='bbox 314 3825 372 3879; x_wconf 78' lang='lat' dir='ltr'>mv.</span> <span class='ocrx_word' id='word_1_294' title='bbox 391 3827 493 3877; x_wconf 69' lang='lat' dir='ltr'>ruso·</span> <span class='ocrx_word' id='word_1_295' title='bbox 505 3827 529 3878; x_wconf 86' lang='grc'>4.</span> <span class='ocrx_word' id='word_1_296' title='bbox 549 3831 668 3891; x_wconf 82' lang='lat' dir='ltr'>exposito</span> <span class='ocrx_word' id='word_1_297' title='bbox 688 3826 857 3887; x_wconf 78' lang='lat' dir='ltr'>ibiexercitu</span> <span class='ocrx_word' id='word_1_298' title='bbox 876 3847 910 3873; x_wconf 88' lang='lat'>=</span> <span class='ocrx_word' id='word_1_299' title='bbox 928 3825 983 3883; x_wconf 71' lang='lat'>1³01.</span> <span class='ocrx_word' id='word_1_300' title='bbox 1002 3827 1118 3876; x_wconf 71' lang='lat' dir='ltr'>aro-s</span> <span class='ocrx_word' id='word_1_301' title='bbox 1141 3812 1256 3895; x_wconf 63' lang='lat' dir='ltr'>trond-</span> 
     </span>
     <span class='ocr_line' id='line_1_36' title="bbox 108 3909 1254 3981; baseline -0.001 -18"><span class='ocrx_word' id='word_1_302' title='bbox 108 3918 164 3975; x_wconf 78' lang='grc' dir='ltr'><em>όεις</em></span> <span class='ocrx_word' id='word_1_303' title='bbox 181 3913 311 3976; x_wconf 63' lang='lat' dir='ltr'>tunorium</span> <span class='ocrx_word' id='word_1_304' title='bbox 340 3915 721 3979; x_wconf 79' lang='lat' dir='ltr'>22·1·2=Pol.3·78·5;</span> <span class='ocrx_word' id='word_1_305' title='bbox 745 3917 871 3965; x_wconf 76' lang='grc'>22·47·8</span> <span class='ocrx_word' id='word_1_306' title='bbox 900 3912 1031 3981; x_wconf 82' lang='lat' dir='ltr'>(elausere</span> <span class='ocrx_word' id='word_1_307' title='bbox 1059 3912 1092 3965; x_wconf 82' lang='lat' dir='ltr'>ab</span> <span class='ocrx_word' id='word_1_308' title='bbox 1117 3909 1201 3978; x_wconf 83' lang='lat' dir='ltr'>tergo)</span> <span class='ocrx_word' id='word_1_309' title='bbox 1220 3931 1254 3962; x_wconf 83' lang='lat'>=.</span> 
     </span>
     <span class='ocr_line' id='line_1_37' title="bbox 87 3991 1328 4073; baseline 0.012 -25"><span class='ocrx_word' id='word_1_310' title='bbox 87 3993 90 3997; x_wconf 63' lang='grc'>’</span> <span class='ocrx_word' id='word_1_311' title='bbox 108 4000 254 4049; x_wconf 85' lang='grc'>3·115·11</span> <span class='ocrx_word' id='word_1_312' title='bbox 275 3997 382 4072; x_wconf 72' lang='grc' dir='ltr'>(μύσους</span> <span class='ocrx_word' id='word_1_313' title='bbox 399 3991 614 4073; x_wconf 73' lang='grc' dir='ltr'>ἀποληφθῆναι).</span> <span class='ocrx_word' id='word_1_314' title='bbox 1324 4052 1328 4057; x_wconf 93' lang='grc'>.</span> 
     </span>
     <span class='ocr_line' id='line_1_38' title="bbox 177 4081 1257 4157; baseline 0.001 -21"><span class='ocrx_word' id='word_1_315' title='bbox 177 4081 200 4153; x_wconf 80' lang='lat'>³)</span> <span class='ocrx_word' id='word_1_316' title='bbox 219 4086 250 4138; x_wconf 83' lang='lat' dir='ltr'>L.</span> <span class='ocrx_word' id='word_1_317' title='bbox 270 4087 391 4139; x_wconf 71' lang='grc'>30455</span> <span class='ocrx_word' id='word_1_318' title='bbox 409 4089 481 4139; x_wconf 91' lang='lat' dir='ltr'>huno</span> <span class='ocrx_word' id='word_1_319' title='bbox 498 4105 585 4157; x_wconf 80' lang='lat' dir='ltr'>regom</span> <span class='ocrx_word' id='word_1_320' title='bbox 610 4093 638 4143; x_wconf 90' lang='lat' dir='ltr'>in</span> <span class='ocrx_word' id='word_1_321' title='bbox 660 4091 793 4157; x_wconf 85' lang='lat' dir='ltr'>triumpho</span> <span class='ocrx_word' id='word_1_322' title='bbox 819 4089 928 4140; x_wconf 84' lang='lat' dir='ltr'>ductum</span> <span class='ocrx_word' id='word_1_323' title='bbox 946 4087 1084 4155; x_wconf 84' lang='lat' dir='ltr'>Polybius,</span> <span class='ocrx_word' id='word_1_324' title='bbox 1103 4084 1175 4137; x_wconf 86' lang='lat' dir='ltr'>hand</span> <span class='ocrx_word' id='word_1_325' title='bbox 1194 4100 1257 4152; x_wconf 85' lang='lat' dir='ltr'>qua·</span> 
     </span>
     <span class='ocr_line' id='line_1_39' title="bbox 108 4174 840 4246; baseline 0.015 -24"><span class='ocrx_word' id='word_1_326' title='bbox 108 4187 188 4238; x_wconf 83' lang='lat' dir='ltr'>quam</span> <span class='ocrx_word' id='word_1_327' title='bbox 206 4174 371 4241; x_wconf 82' lang='lat' dir='ltr'>spernendus</span> <span class='ocrx_word' id='word_1_328' title='bbox 389 4180 488 4246; x_wconf 85' lang='lat' dir='ltr'>auctor,</span> <span class='ocrx_word' id='word_1_329' title='bbox 506 4176 596 4231; x_wconf 83' lang='lat' dir='ltr'>tradit.</span> <span class='ocrx_word' id='word_1_330' title='bbox 622 4178 662 4230; x_wconf 84' lang='lat' dir='ltr'>cf.</span> <span class='ocrx_word' id='word_1_331' title='bbox 680 4194 707 4246; x_wconf 83' lang='lat' dir='ltr'>p.</span> <span class='ocrx_word' id='word_1_332' title='bbox 726 4179 750 4230; x_wconf 83' lang='grc'>4.</span> <span class='ocrx_word' id='word_1_333' title='bbox 769 4193 796 4227; x_wconf 88' lang='lat' dir='ltr'>n.</span> <span class='ocrx_word' id='word_1_334' title='bbox 816 4177 840 4232; x_wconf 69' lang='grc'>3.</span> 
     </span>
    </p>
   </div>
   <div class='ocr_carea' id='block_1_7' title="bbox 0 0 1370 4628">
    <p class='ocr_par' dir='ltr' id='par_1_10' title="bbox 0 0 1370 4628">
     <span class='ocr_line' id='line_1_40' title="bbox 0 0 1370 4628; baseline 0 0"><span class='ocrx_word' id='word_1_335' title='bbox 0 0 1370 4628; x_wconf 95' lang='lat' dir='ltr'> </span> 
     </span>
    </p>
   </div>
  </div>
 </body>
</html>
