2708 4628
666 206 701 268 13

605 292 752 302 ..ab—...—

106 404 200 469 minns
222 408 311 469 licuit
338 417 424 484 quam
444 412 517 472 alias
540 427 588 470 res
619 409 774 470 nonnullas
796 408 826 467 in
848 409 948 470 codem
967 408 1044 471 libro
1065 426 1118 485 per
1139 412 1250 485 digrer-
1336 458 1342 467 ,

106 511 201 569 aiones
223 526 379 584 exponere,
401 511 574 584 praesertim
595 527 660 570 cum
680 509 825 569 Philinum
854 508 992 569 falsorum
1014 509 1163 571 foederum
1183 529 1251 571 auc-

106 614 200 670 torem
221 624 284 668 csse
300 611 417 684 eiquea
438 609 632 684 compluribus
653 607 737 669 fidem
752 608 853 669 haberi
868 610 1052 684 intellegeret
1069 611 1103 682 ¹).
1143 610 1252 698 Contra
1342 648 1345 655 «

49 712 57 727 “
107 725 143 767 ea
164 726 221 768 non
242 709 335 782 video,
358 726 415 783 qna
437 711 550 770 ratione
569 711 671 769 ductus
687 711 795 786 Livius,
818 711 867 782 qui
881 726 934 782 per
949 708 1142 783 digressiones
1156 711 1253 771 omnia

111 815 272 869 memoratu
294 806 381 884 digna
403 811 561 883 explanare
583 827 640 869 nou
662 811 762 881 soleat,
789 809 825 869 de
846 807 979 867 omnibns
1002 807 1200 869 Romanorum
1223 817 1253 870 et

109 908 393 982 Carthaginiensium
415 907 579 968 loederibns
599 911 630 966 in
651 908 827 982 exponendis
848 908 934 967 rebus
957 926 1033 968 auno
1058 912 1117 968 219
1135 927 1162 969 a.
1183 910 1251 970 (lbr.
1314 980 1323 991 ι

108 1009 197 1083 gestis
219 1007 351 1068 debuerit
372 1009 521 1068 disserere.
558 1008 633 1066 Sane
654 1009 678 1065 is
700 1007 816 1080 quidem
836 1006 932 1068 officio
947 1025 999 1068 suo
1017 1009 1164 1090 satisfecit,
1189 1029 1253 1072 cum

108 1106 205 1167 Catuli
220 1114 250 1168 et
263 1107 451 1168 Hasdrubalis
466 1105 585 1166 foedera
605 1108 647 1165 ita
669 1114 915 1179 commemoraret,
937 1116 970 1169 ut
991 1109 1168 1169 adverbum
1190 1108 1252 1170 iere

107 1224 171 1266 curn
193 1205 313 1280 Polybio
343 1208 517 1266 concineret.
562 1206 619 1265 Sed
648 1210 680 1264 ut
712 1208 775 1280 ipse
803 1208 921 1280 iudices,
951 1212 1015 1282 ipsa
1042 1209 1115 1269 Livii
1145 1212 1180 1279 (l.
1212 1213 1250 1269 21

106 1325 132 1366 c.
159 1309 213 1378 19)
236 1311 266 1365 et
287 1305 400 1378 Polybii
423 1307 454 1377 (l.
478 1307 495 1364 3
518 1323 543 1364 c.
566 1303 620 1379 29)
643 1305 731 1364 verba
752 1306 933 1390 describam:

141 1405 653 1477 Haecderectaperounotatioaode-
745 1392 838 1464 τάδ’
871 1393 934 1466 ὑπὸ
959 1399 1136 1483 Ῥωμαίων
1157 1396 1251 1484 λεγό·

107 1506 249 1565 nuntiatio
270 1504 339 1564 belli
359 1505 450 1578 magis
464 1522 499 1565 ex
513 1505 654 1577 dignitate
703 1523 785 1581 μενοι
816 1504 873 1566 νῦν
901 1504 1053 1584 ἐροῦμεν·
1092 1500 1144 1574 οἷς
1178 1497 1253 1569 τότε

107 1606 210 1678 populi
221 1607 345 1665 Romani
366 1607 426 1664 visa
447 1611 491 1664 est
511 1621 597 1678 quam
618 1605 654 1663 de
703 1603 763 1681 μὲν
778 1599 841 1665 οὐκ
863 1596 1049 1686 ἐχρήσαντο
1072 1603 1094 1666 ὃ
1105 1596 1153 1666 τά
1175 1596 1253 1666 τόν
1282 1662 1285 1668 .

109 1701 258 1763 foederum
279 1706 342 1764 inre
363 1704 458 1764 verbis
482 1705 652 1778 disceptare,
705 1704 776 1764 ἐπὶ
829 1704 879 1784 τῇ
929 1705 1082 1766 Ζακαν
1096 1706 1158 1766 θα
1172 1705 1253 1766 ίων

80 1822 174 1875 ,σου
202 1809 279 1879 ante,
317 1811 388 1864 tum
410 1807 567 1865 maxime
589 1806 654 1864 Sa·
705 1797 905 1882 άπωλείᾳ
928 1795 1099 1881 θυμόν,
1120 1803 1252 1883 λέγεται

108 1911 224 1979 guuto
246 1907 385 1965 excisa.
416 1923 482 1966 nam
504 1906 573 1979 qnid
593 1905 653 1965 foe·
706 1901 744 1962 δὲ
766 1895 926 1970 πολλάκις
957 1904 1015 1965 καὶ
1040 1899 1103 1966 υπό
1125 1903 1253 1966 πολλῶν

109 2006 160 2065 dus
202 2006 396 2066 Hasdrubalis
438 2023 502 2065 cum
543 2006 654 2065 Lutatii
704 1997 779 2083 παρ’
800 1997 926 2073 αὐτοῖς.
969 2003 1100 2084 πρῶτον
1121 2003 1181 2081 μὲν
1202 1994 1253 2066 ὅτι

108 2108 204 2178 priore
214 2107 332 2166 foedere
342 2107 557 2180 conparandum
568 2105 654 2165 erati
705 2121 774 2173 τας
799 2094 881 2184 πρὸς
913 2095 1139 2185 Ἀσδρούβαν·
1156 2125 1251 2183 γενο-
1347 2105 1349 2109 ’

109 2223 172 2265 curn
200 2209 232 2265 in
260 2207 370 2267 Lutatii
401 2206 518 2266 loedere
547 2206 655 2265 diserte
705 2203 816 2293 μένας
830 2200 1012 2282 ὁμολογίας
1038 2199 1101 2266 ουκ
1128 2200 1252 2280 ddecu-

111 2305 239 2366 additum
265 2311 351 2378 esset,
385 2308 440 2366 ita
462 2308 498 2367 id
519 2312 655 2366 ratum
706 2304 797 2365 τίον·
821 2298 864 2366 οὐ
877 2300 945 2385 γάρ
961 2305 1166 2386 προσέκειτο,
1188 2325 1252 2367 κα·
1333 2348 1336 2359 ·

111 2405 209 2477 lore,
238 2407 457 2480 sipopulus
480 2406 653 2467 censuis-
710 2395 824 2483 θάπερ
862 2404 910 2465 ἐπὶ
945 2405 1007 2466 τοῦ
1042 2403 1252 2485 Λουτατίου,

110 2510 184 2575 set,
206 2505 237 2563 in
257 2504 444 2565 Hasdrubalis
464 2505 580 2567 foedere
602 2521 655 2566 nec
705 2507 878 2586 κυρίας
914 2499 1036 2565 εἶναι
1079 2496 1253 2577 τούτοις

111 2609 261 2678 exceptum
292 2606 351 2665 tale
378 2608 529 2680 quicquam
557 2607 654 2680 fuerit,
706 2599 783 2668 ἐάν
822 2605 894 2666 καὶ
929 2595 1115 2685 τῷδήμῳ
1151 2596 1267 2686 δόξῃΙ

106 2707 140 2763 ἐλ
167 2710 212 2764 tot
230 2723 372 2769 annorum
392 2708 506 2767 silentio
527 2710 569 2768 ita
590 2711 654 2769 vivo
706 2706 770 2767 τῶν
784 2701 960 2785 Ῥωμαίων,
980 2700 1048 2766 άλλ’
1065 2701 1253 2777 αὐτοτελῶς

109 2821 144 2862 eo
175 2806 383 2878 conprobatum
412 2808 449 2866 sit
476 2805 587 2880 foedus·
623 2819 655 2868 ut
707 2797 884 2880 ἐποιήσατο
900 2795 962 2875 τάς
979 2800 1161 2884 ὁμολογίας
1176 2790 1252 2870 Ἁσ-
1332 2850 1335 2854 ι

109 2921 146 2962 ne
167 2910 281 2963 mortno
301 2906 415 2978 quidem
437 2912 556 2967 auctore
576 2909 655 2980 quic·
708 2895 870 2987 ὃρούβας,
892 2909 925 2966 ἐν
942 2900 998 2975 αἶς
1021 2894 1129 2982 ἦντόν
1137 2898 1253 2988 Ἴβηρα

109 3019 195 3076 quam
209 3009 380 3063 mutaretur.
403 3023 576 3080 quanquam,
600 3009 655 3067 etsi
706 2993 855 3082 ποταμὸν
895 2996 940 3082 μὴ
976 3003 1166 3086 διαβαίνειν
1202 3006 1252 3071 ἐπὶ

109 3104 207 3174 priore
245 3101 363 3164 foedere
406 3111 541 3179 staretur,
586 3109 655 3167 satis
706 3104 836 3184 πολέμῳ
869 3103 1144 3185 Καρχηδονίους.
1195 3105 1253 3169 καὶ

109 3208 225 3262 cautum
246 3211 311 3264 erat
341 3203 508 3279 Saguntinis
525 3208 655 3267 sociis
706 3203 765 3282 μὲν
807 3208 841 3265 ἐν
875 3211 951 3274 ταῖς
983 3205 1056 3287 περὶ
1088 3203 1253 3277 Σικελίας

109 3308 359 3379 utrorumque
398 3309 533 3379 exceptis.
588 3326 655 3369 nam
707 3297 896 3380 συνθήκαις
956 3292 993 3380 ἦν
1055 3305 1252 3388 ἔγγραπτον,

109 3419 201 3476 neque
230 3405 359 3465 additum
389 3411 452 3467 erat
484 3408 550 3474 „iis
571 3410 653 3482 qni·
707 3394 872 3486 lindegero
892 3412 986 3476 τοῖς
1006 3401 1254 3492 άμφοτέρονν

104 3503 377 3578 'tuncessent“‚
407 3524 469 3581 nec,
504 3525 565 3582 „ne
595 3510 654 3582 qui
708 3495 1055 3583 συμμάχοιςτίμ
1075 3503 1253 3589 παρ’ἑκα-

107 3610 242 3675 postea
263 3606 580 3668 adsumerentur“
598 3616 652 3671 etc.
707 3603 812 3686 τίρων
833 3596 1031 3692 άσφάλειαν,
1056 3601 1120 3668 οὐκ
1135 3601 1253 3678 αὐτοῖς

706 3697 807 3785 μόνον
826 3711 900 3777 τοῖς
921 3698 997 3769 τότε
1017 3707 1252 3785 συμμαχοῦσι·

707 3808 901 3886 προσέκειτο
930 3805 998 3890 γάρ
1027 3798 1068 3869 elo
1103 3799 1176 3882 ἤτοι
1214 3797 1252 3870 τό

707 3902 758 3984 μή
788 3900 1125 3989 προσλαμβάνειν
1164 3911 1252 3973 ἑτέ-

708 4025 819 4086 ρους
841 4002 1117 4086 συμμάχους
1145 4004 1254 4094 παρά

707 4098 788 4177 τους
810 4101 1028 4190 ὑπάρχοντας
1048 4121 1103 4174 etc.

112 4195 360 4207 ——m-——u

181 4237 200 4305 ¹)
219 4237 260 4290 cf.
279 4239 333 4289 Pol.
352 4241 370 4289 l.
389 4241 414 4290 3.
434 4253 491 4304 cap.
511 4236 553 4289 26.
