2708 4628
546 694 680 782 erur
709 695 785 778 HI.

182 912 355 983 Priusquam
376 882 528 981 exponam,
558 925 614 981 qua
644 909 757 967 ratione
786 905 886 964 Livius
918 904 1005 962 tertio
1033 900 1147 975 Polybii
1167 900 1242 959 libro

99 1026 171 1071 usus
205 1011 254 1083 sit,
295 1025 389 1081 pauca
425 1008 461 1068 de
494 1010 558 1081 ipso
593 1006 715 1080 Polybio
750 1008 780 1066 in
815 1005 916 1078 vulgus
951 1010 1021 1064 nota
1054 1017 1243 1077 praemonere

100 1113 190 1168 liceat
216 1106 239 1182 ).
957 1153 962 1163 .

185 1208 324 1280 Polybius
345 1209 619 1282 Megalopolitanus,
651 1210 699 1281 qui
729 1208 801 1266 vixit
831 1206 910 1264 intra
937 1219 1028 1262 anuos
1049 1203 1110 1263 fere
1135 1205 1195 1262 208
1219 1209 1248 1261 et

107 1310 164 1365 122
187 1324 214 1366 a.
236 1306 315 1382 Chr,
336 1308 479 1380 Lycortae
501 1308 582 1368 ducis
604 1309 787 1367 Achaeorum
808 1306 893 1378 filius,
920 1305 1029 1363 iuvenis
1050 1301 1247 1376 reipublicae

103 1423 222 1477 operam
243 1423 323 1465 suam
345 1407 421 1466 domi
442 1407 565 1481 bellique
587 1409 730 1479 praebuit.
772 1408 930 1478 Postquam
952 1421 1027 1463 anuo
1052 1405 1109 1461 183
1133 1401 1246 1475 publice

102 1505 205 1564 missus
235 1485 355 1566 feralem
388 1523 489 1565 urnam
510 1506 753 1579 Philopoemenis,
786 1506 866 1563 cuius
902 1505 991 1563 vitam
1022 1507 1123 1576 postea
1154 1503 1247 1561 tribus

103 1604 186 1663 libris
202 1607 346 1678 exposuit,
369 1623 406 1666 ex
427 1607 570 1666 Messenia
584 1604 788 1679 Megalopolim
810 1604 925 1663 advexit
940 1600 974 1676 ²),
997 1619 1072 1662 anno
1098 1605 1154 1661 167
1183 1618 1247 1661 cum

103 1704 181 1762 mille
208 1705 333 1764 Achaeis
360 1707 481 1765 Romam
510 1705 611 1767 ductus
639 1706 734 1778 ibique
762 1721 813 1779 per
843 1719 934 1764 annos
962 1703 1157 1776 septendecim
1179 1718 1246 1761 eon·

104 1803 256 1863 suetudine
278 1803 420 1878 Scipionis
452 1804 585 1875 Africani
616 1806 735 1864 minoris
768 1806 883 1877 eiusque
915 1805 1072 1863 amicorum
1104 1819 1172 1861 usus
1193 1805 1245 1861 est.

106 1903 238 1962 Decessit
279 1921 384 1964 annum
414 1923 502 1980 agens
535 1908 740 1980 octogesimum
771 1905 903 1979 alterum,
935 1908 1015 1963 certe
1047 1909 1113 1979 post
1139 1903 1246 1963 bellum

109 2001 327 2078 Numantinum,
350 2007 455 2078 quippe
476 2006 552 2079 quod
575 2007 732 2079 separatim
754 2004 941 2064 enarraverit.

187 2101 382 2162 Immortalem
403 2120 472 2163 vero
492 2107 659 2164 memoriam
682 2121 716 2164 eo
737 2120 825 2178 opere
845 2109 1015 2164 consecutus
1043 2111 1096 2180 est,
1125 2120 1181 2177 quo
1202 2121 1247 2163 res

103 2200 301 2260 Romanorum
332 2210 486 2278 eorumque
517 2206 700 2280 populorum,
740 2206 787 2280 qui
819 2204 871 2264 sub
902 2205 1053 2277 imperium
1085 2205 1246 2264 Romanurn

102 2299 214 2359 redacti
235 2308 327 2374 eraut,
355 2303 421 2363 inde
442 2320 460 2362 a
481 2305 574 2376 primo
606 2303 681 2365 bello
702 2307 812 2366 Punico
841 2321 931 2378 nsque
953 2304 991 2364 ad
1010 2304 1152 2363 excidium
1174 2304 1245 2364 (lar-

101 2401 230 2475 thaginis
262 2402 454 2477 quadraginta
485 2404 566 2462 libris
599 2421 633 2463 eo
664 2406 783 2463 consilio
816 2405 978 2479 descripsit,
1011 2408 1044 2462 ut
1078 2410 1245 2480 exponeret,

102 2502 246 2574 quomodo
267 2501 391 2561 Romani
416 2504 498 2563 annis
520 2504 685 2562 220-168
707 2505 831 2564 omnium
852 2511 996 2565 terrarum
1019 2505 1140 2576 imperio
1160 2506 1246 2576 pot'ti

102 2607 205 2661 essent.
248 2602 289 2660 Et
318 2608 396 2662 certe
417 2602 552 2676 Polybius
585 2606 706 2665 maxime
728 2610 791 2664 erat
811 2603 943 2680 idoneus,
972 2604 1020 2676 qui
1042 2603 1245 2663 bellaRome·

101 2719 206 2762 norum
221 2708 251 2762 et
264 2702 544 2778 Carthaginiensium
565 2705 669 2764 iudicio
690 2706 803 2778 integro
825 2708 855 2762 et
876 2705 1044 2777 incorrupto
1061 2702 1246 2773 describeret,

102 2818 167 2859 cum
188 2801 276 2861 rebus
298 2802 367 2862 belli
389 2808 418 2862 et
438 2804 516 2876 pacis
537 2804 709 2879 praefuisset
730 2806 916 2877 neutriusque
938 2805 1052 2863 illorum
1074 2803 1245 2877 populorum

104 2900 173 2959 civis
194 2908 281 2960 esset.

186 3001 219 3059 In
251 2999 327 3059 bello
348 3002 539 3062 Hannibalioo
571 3004 735 3063 enarrando
768 3009 797 3063 et
832 3006 957 3063 maxime
989 3006 1020 3063 in
1054 3004 1128 3062 libro
1158 3001 1246 3062 tertio

103 3100 302 3172 componendo
334 3103 450 3174 optimis
482 3101 612 3177 profecto
642 3104 767 3165 fontibus
798 3121 865 3163 usus
898 3110 950 3164 est.
1001 3104 1084 3174 Nam,
1121 3110 1152 3164 ut
1182 3105 1246 3177 ipse

102 3199 199 3268 tradit,
233 3216 269 3258 ex
302 3201 342 3260 eis
375 3203 423 3276 qui
452 3203 539 3263 rebus
570 3203 765 3264 interfuerant
796 3205 935 3264 nonnulla
966 3209 1170 3278 percunctatus
1202 3193 1247 3262 est

103 3297 154 3367 (cf.
179 3299 344 3371 3·48·12),
376 3301 503 3362 Africam
530 3304 702 3376 Hispaniam
734 3305 858 3365 Galliam
894 3305 984 3377 Alpes
1015 3303 1128 3363 ltaliam
1160 3319 1243 3377 pera-

68 3431 70 3436 ·
102 3400 198 3472 gravit
230 3396 276 3472 (ef.
307 3403 404 3460 3·48·
419 3404 453 3459 12
477 3409 506 3462 et
528 3404 637 3479 der),
670 3405 756 3464 etiam
790 3410 888 3464 vetera
923 3420 1020 3464 rerum
1052 3409 1267 3479 monumenta,

102 3498 182 3557 velut
201 3499 315 3560 tabulas
337 3500 485 3562 foederum
498 3503 520 3575 ⁸)
543 3508 572 3562 et
592 3505 808 3580 inscriptionem
823 3506 972 3567 Laciniam
995 3502 1046 3576 (cf.
1074 3507 1103 3562 3·
1116 3505 1245 3578 3318),

173 3701 192 3760 ¹)
212 3704 370 3772 Quanquam
389 3707 455 3757 haec
473 3705 616 3772 disputatio
636 3709 668 3761 de
680 3711 789 3778 Polybio
802 3729 856 3765 non
875 3713 1000 3766 cohaeret
1017 3727 1077 3764 eum
1091 3712 1245 3779 quaestione

101 3788 134 3838 de
151 3790 222 3840 Livii
241 3793 394 3846 auctoribus
411 3793 581 3855 instituenda,
609 3802 697 3847 temen
723 3814 783 3850 cum
803 3801 833 3852 L.
853 3801 945 3852 Keller
964 3799 1067 3850 dubitet
1086 3797 1119 3849 de
1137 3797 1245 3864 Polybii

100 3877 207 3941 ingenio
231 3884 256 3928 et
274 3880 327 3930 lide
345 3895 457 3945 eumque
475 3880 578 3932 Pisonis
597 3883 706 3935 annales
724 3888 933 3954 transscripsisee
960 3886 1111 3951 contendat,
1136 3900 1193 3936 eam
1211 3883 1245 3934 ad

102 3977 190 4014 meum
208 3965 327 4016 officium
347 3968 481 4033 pertinere
500 3968 623 4022 arbitror.

172 4047 192 4117 ²)
212 4051 252 4102 cl.
270 4053 341 4104 Plut.
360 4053 430 4105 Phil.
449 4059 479 4106 21
492 4057 522 4104 ·4
540 4063 567 4107 et
584 4056 642 4109 Pol.
661 4057 735 4107 x-al
747 4060 782 4111 ·b.

78 4178 81 4185 .
170 4135 191 4203 ³)
210 4136 248 4189 Of.
268 4139 382 4192 eae-3.
403 4140 546 4193 Mommsen
560 4140 635 4209 (siim.
648 4143 824 4211 chronologia
835 4162 862 4212 p.
876 4148 938 4216 323)
952 4147 1094 4214 Polybium
1107 4148 1241 4200 foederum
