2708 4628
612 233 759 240 ..---.—-r,.

412 299 414 303 ’
435 294 440 321 l

115 350 209 408 omnia
229 349 402 407 continuisse
419 346 452 424 ¹),
474 357 507 408 nt
526 350 700 410 Boettchero
722 352 842 424 videtur,
868 360 918 412 aut
939 355 1013 413 Livii
1039 355 1176 413 decadem
1198 362 1256 413 ter·

114 450 184 507 tiam
204 452 306 519 totam,
328 452 360 506 ut
374 447 471 507 Keller
493 450 645 522 existimat,
669 448 804 510 aPisone
825 452 960 526 pendere,
984 455 1033 526 qui
1048 459 1157 527 septem
1173 453 1256 513 libris

113 547 263 607 historiam
285 548 443 606 Romanam
467 547 533 606 inde
553 548 590 607 ab
611 551 711 609 Aenea
738 567 829 627 usque
850 553 886 612 ad
907 552 1103 613 Gracchorum
1125 559 1256 627 tempora

29 633 33 646 ³
112 653 279 723 persecutus
299 644 409 719 erat2).

196 747 310 807 Deinde
331 749 358 807 ei
380 750 535 821 scriptores
556 750 675 823 antiqui,
706 752 754 825 qui
776 767 834 810 non
855 751 945 811 solum
968 751 1073 811 docere
1095 753 1177 823 alios,
1205 754 1256 812 scd

113 849 198 908 simul
218 847 362 908 delectare
377 847 542 924 studebant,
565 866 624 908 non
643 854 704 920 tam
725 867 811 924 saepe
833 868 919 925 quarn
941 868 991 911 nos
1013 850 1108 911 facere
1123 854 1254 923 solemus,

104 954 245 1027 ,auctores
266 963 332 1007 suos
358 953 446 1007 testes
474 947 648 1023 afferebant3
680 952 730 1011 sed
752 968 801 1011 eos
823 957 874 1012 aut
895 952 1011 1010 omnino
1033 951 1149 1011 silentio
1170 948 1268 1023 prae'

112 1047 241 1107 teribant
263 1053 390 1107 autnon
411 1047 598 1107 nominabant
619 1050 675 1108 nisi
697 1049 746 1109 ubi
774 1053 855 1111 varia
876 1049 956 1110 lama
984 1051 1093 1109 tradita
1121 1055 1194 1124 erat,
1222 1057 1256 1109 ut

112 1153 162 1208 aut
183 1149 300 1208 certiori
321 1148 433 1209 auctori
455 1154 505 1207 aut
525 1149 654 1222 pluribus
668 1151 832 1211 auctoribus
853 1148 925 1210 fides
947 1150 1079 1210 habenda
1101 1156 1176 1210 esset
1193 1156 1255 1228 aut,

111 1265 251 1320 quaenam
264 1246 342 1308 fama
362 1263 431 1306 vero
445 1249 564 1323 propior
580 1256 664 1321 esset,
689 1249 811 1308 discerni
832 1250 974 1322 nequiret.
1007 1249 1108 1322 ltaque
1123 1250 1253 1323 Nitzscb,

111 1350 158 1420 qui
179 1349 293 1407 Livium
313 1348 343 1405 in
364 1346 447 1405 libris
468 1348 541 1406 XXI
571 1354 600 1407 et
620 1347 707 1406 ΧΧΗ
738 1349 939 1422 componendis
960 1347 1111 1422 Polybium
1141 1365 1197 1408 non
1223 1351 1253 1408 in

109 1463 191 1506 usum
214 1448 358 1506 vacavisse
379 1463 415 1505 ex
439 1462 474 1505 eo
502 1446 576 1506 dixit
603 1448 742 1523 intellegi,
772 1447 847 1520 quod
868 1446 982 1520 Polybii
1005 1463 1109 1507 nomen
1138 1448 1168 1505 in
1196 1448 1254 1506 illis

110 1563 255 1619 nunquam
278 1551 550 1605 commemoraretur
563 1540 597 1619 ⁸),
627 1548 696 1605 mibi
726 1562 783 1606 non
812 1549 903 1620 magis
934 1549 1087 1619 persuasit,
1117 1564 1201 1620 quam
1229 1549 1253 1605 si
1323 1594 1329 1604 .

111 1645 307 1704 Schlosserum
328 1649 457 1704 nostrum
479 1662 577 1705 omnes
599 1663 697 1707 rerum
711 1649 866 1721 scriptores
888 1648 1050 1721 neglexisse
1064 1646 1252 1706 contenderet

111 1750 227 1817 praeter
247 1759 306 1818 eos,
328 1759 449 1818 quorum
470 1746 634 1805 testimonio
655 1747 704 1806 ille
725 1746 896 1806 nominatim
916 1747 1014 1805 utitur.
1107 1732 1109 1736 ’

193 1844 233 1902 At
261 1849 372 1904 veteres
398 1859 495 1903 rerum
523 1845 677 1916 scriptores
712 1861 747 1904 ne
777 1851 838 1904 tum
874 1844 997 1918 quidem,
1028 1861 1092 1903 cum
1121 1850 1252 1905 auctores

109 1961 175 2004 suos
197 1945 354 2015 nominant,
379 1944 496 2003 verbum
524 1961 579 2018 pro
607 1945 694 2005 verbo
722 1945 856 2012 reddunt,
889 1944 939 2003 sed
967 1944 1136 2016 plerumque
1164 1945 1252 2004 solam

108 2062 170 2104 rem
191 2049 333 2117 spectant,
355 2045 433 2103 velut
455 2043 586 2104 conferas
606 2045 852 2104 Liv.21·4e·10
869 2046 998 2105 :servati
1019 2045 1142 2104 consulis
1163 2044 1251 2103 decus

112 2143 225 2203 Coelius
238 2138 267 2215 ⁴)
279 2144 327 2203 ad
348 2160 461 2204 servum
482 2145 601 2204 natione
621 2143 757 2220 Ligurem
779 2145 908 2222 delegat;

178 2336 197 2405 ¹)
216 2339 244 2390 Si
263 2354 295 2390 ex
314 2340 399 2392 (loelli
417 2340 571 2414 fragmentis
589 2343 622 2390 22
641 2345 668 2391 et
687 2341 728 2401 25,
747 2355 815 2406 quae
832 2340 902 2407 apud
920 2340 957 2390 H.
975 2341 1097 2391 Peterem
1117 2340 1249 2409 leguntur,

81 2432 85 2441 '
109 2425 287 2476 coniecturam
305 2427 393 2476 facere
411 2426 482 2491 licet,
503 2426 611 2478 Coelius
629 2433 745 2478 extremo
763 2427 833 2479 libro
852 2428 938 2492 primo
956 2442 1074 2492 pugnam
1085 2426 1249 2479 Cannensem

103 2516 267 2574 narraverat,
285 2518 316 2562 ut
329 2511 472 2564 Coelianus
489 2512 558 2563 liber
570 2513 592 2563 1.
611 2512 782 2578 responderet
805 2513 878 2563 Livii
897 2513 965 2564 libro
979 2512 1054 2562 XXI.
1076 2518 1103 2563 et
1122 2512 1140 2562 l.
1159 2514 1247 2564 XXll.

105 2613 180 2664 capp.
199 2599 294 2649 1-u0.

178 2679 199 2750 ²)
218 2685 250 2734 In
267 2686 346 2737 tertio
364 2686 434 2737 libro
453 2686 558 2738 Pisonis
576 2703 617 2738 res
636 2688 706 2739 anno
724 2686 776 2736 304
794 2701 817 2736 a.
830 2684 892 2736 Chr.
911 2689 1002 2751 gestae
1020 2689 1158 2736 enarratae
1175 2692 1250 2737 erant

103 2770 147 2838 (ct.
171 2770 222 2839 irg.
248 2772 303 2839 27),
324 2772 393 2823 liber
416 2774 544 2839 septimus
565 2774 696 2842 incepisse
721 2772 827 2823 videtur
851 2773 884 2825 ab
909 2771 1020 2844 septime
1046 2771 1152 2822 sacculo
1174 2771 1249 2822 urbis

105 2856 150 2924 (ab
169 2872 239 2908 annu
259 2858 308 2908 158
327 2874 351 2909 a.
370 2857 442 2923 una,
461 2861 494 2911 cf.
511 2861 561 2925 frg.
581 2858 634 2926 36),
657 2860 726 2910 liber
745 2864 835 2910 sextus
853 2874 985 2911 summum
1004 2873 1087 2909 annos
1110 2857 1248 2908 aut-159

102 2945 261 2996 continebat
302 2946 397 3010 ltaque
417 2946 477 2997 Piso
495 2951 581 2997 totum
599 2947 699 2998 bellurn
718 2945 926 2998 Hannibalicum
944 2944 1012 2995 libro
1035 2946 1126 3009 quinto
1145 2941 1250 2994 videtur

102 3030 258 3096 complexus
276 3046 341 3086 esse.
377 3032 465 3083 Etiam
488 3034 553 3084 Cato
577 3034 604 3082 in
629 3033 764 3099 originum
786 3032 855 3083 libro
880 3033 973 3096 quinto
995 3030 1094 3082 bellum
1120 3031 1248 3080 Punicum

102 3117 255 3181 secundum,
274 3119 302 3169 in
320 3118 388 3170 libro
408 3112 502 3185 quarto
520 3118 634 3184 primum
652 3123 807 3185 persecutus
825 3122 888 3169 erat.
926 3117 966 3169 Gt.
984 3117 1051 3182 Nep.
1069 3115 1125 3166 Cat.
1146 3117 1215 3165 3·3,

173 3200 197 3269 ⁸)
216 3203 255 3255 Gi.
274 3203 389 3272 Nitcsoh,
408 3208 473 3256 rbm.
492 3205 651 3267 Annalietilr,
672 3221 697 3271 p.
712 3209 753 3256 14.
763 3233 795 3241 -
805 3205 928 3256 Fortasse
941 3204 1037 3255 Livius
1054 3205 1108 3253 iam
1120 3203 1148 3252 in
1163 3202 1247 3252 alters

102 3288 208 3353 decade,
228 3303 290 3341 cum
301 3290 423 3357 primum
434 3292 534 3346 bellum
547 3293 678 3343 Punicum
697 3296 840 3354 enarraret,
854 3289 968 3356 Polybio
987 3305 1050 3341 usus
1064 3294 1122 3340 erat
1140 3289 1248 3352 eiusque

102 3377 262 3428 mentionem
280 3378 389 3429 fecerat.
425 3379 456 3429 ln
474 3380 555 3429 tertia
573 3378 673 3430 decade
693 3378 750 3430 sine
769 3377 850 3428 dubio
868 3376 959 3428 nullus
976 3378 1050 3429 locus
1074 3375 1183 3432 excidit.
1198 3375 1246 3426 ubi

101 3463 231 3530 Polybius
245 3470 465 3517 commemoratus
478 3470 542 3517 crat.
570 3466 612 3517 Ex
631 3482 660 3517 so
673 3471 761 3517 tamen
776 3463 847 3529 quod
859 3463 990 3529 Polybius
1006 3464 1039 3512 30
1050 3485 1055 3497 ·
1067 3461 1100 3511 45
1111 3484 1116 3497 ·
1128 3461 1143 3509 5
1157 3458 1247 3523 „baud

102 3566 233 3616 quaquam
247 3548 412 3617 spernendus
425 3551 535 3602 suctor“
554 3553 713 3615 nominatur,
732 3551 862 3616 suspicari
880 3566 934 3607 non
952 3549 1018 3600 licet
1036 3563 1096 3598 eum
1113 3561 1248 3612 nunquam

102 3642 180 3687 antea
198 3653 214 3686 a
231 3636 308 3687 Livio
332 3635 470 3687 laudatum
496 3652 566 3700 esse3
589 3653 650 3687 nam
676 3637 937 3702 etiam33·10·10‚
963 3635 1009 3684 ubi
1032 3633 1127 3683 Livius
1151 3632 1246 3683 iterum

101 3723 246 3787 Polybium
264 3727 358 3774 testem
377 3724 449 3789 citat,
469 3737 539 3790 „non
557 3725 687 3773 incertum
707 3720 858 3774 auctorem“
878 3736 936 3771 eum
956 3717 1080 3786 appellat.

169 3805 191 3874 ⁴)
210 3809 309 3860 Poaner
333 3810 484 3876 suspicatus
507 3815 548 3860 est
570 3806 607 3874 (p.
633 3806 677 3875 59)
702 3809 805 3858 Livium
830 3808 882 3857 hoc
905 3806 964 3856 loco
989 3803 1117 3855 memoria
1140 3803 1244 3868 lapsum

101 3895 220 3948 Coelium
242 3896 360 3963 posuisse
384 3913 432 3963 pro
458 3897 565 3948 Valerio
589 3896 705 3947 Antiate.
745 3894 818 3946 idem
842 3895 896 3945 iere
920 3891 1017 3944 accidit
1040 3889 1174 3953 Ciceroni,
1200 3889 1245 3954 qui

100 3987 167 4033 orat.
186 3982 211 4048 ξ.
230 3985 271 4034 29.
299 3983 423 4050 Eupolim
441 4000 490 4050 pro
509 3983 686 4050 Aristophane
705 3982 894 4045 nominaverat,
913 3979 961 4031 scd
979 3978 1097 4029 monitus
1107 3975 1141 4026 ab
1154 3975 1243 4025 Attico

101 4083 215 4120 errorem
243 4071 342 4138 corrigi
366 4072 451 4123 iussit.
485 4071 520 4123 Η.
543 4071 620 4123 Peter
647 4069 711 4138 (vet.
745 4067 815 4147 bistq
832 4068 908 4118 Rom.
934 4066 992 4117 rell.
1010 4080 1037 4130 p.
1056 4059 1110 4130 GC)
1139 4061 1245 4112 Livium

101 4156 194 4208 tb=29
213 4155 316 4206 Valerii
334 4155 449 4207 Antiatis
468 4147 563 4208 nomen
581 4172 630 4222 pro
650 4157 747 4207 Pisone
764 4155 901 4220 scripsisse
920 4151 1005 4204 docet.
