2708 4628
569 286 578 299 ..
668 243 704 300 17

108 445 450 520 discrepantias'pressit,
484 444 598 504 Livium
618 457 730 502 errasse
752 441 822 500 dicit
862 437 905 513 (p.
940 435 1015 518 376)
1037 441 1074 499 de
1110 445 1258 514 tempore,

109 561 167 618 quo
187 544 379 604 Hannibalem
400 542 490 603 Gadis
521 541 682 615 proiectum
716 556 780 599 esse
812 541 920 599 tradat.
970 540 1051 600 Haeo
1079 539 1116 598 de
1148 539 1255 599 discre-
1281 573 1283 575 ·

108 644 225 716 pantiis.

191 743 296 801 Restat
314 744 402 801 tertia
423 758 517 801 causa.
560 741 697 800 Nonnulli
727 742 802 799 enim
824 740 1010 814 contendunt,
1041 755 1077 798 ex
1105 741 1145 798 eis
1167 755 1254 813 quae·

107 840 257 912 saionibus,
281 857 353 911 quas
373 841 477 898 Nissen
500 840 535 897 de
558 845 662 912 quarta
684 846 714 897 et
735 841 836 912 quinta
854 839 928 898 Livii
949 838 1104 898 decadibus
1118 841 1253 910 instituit,

109 956 268 1021 apparere,
298 940 410 997 Livium
433 941 462 996 in
497 939 616 1011 singulis
650 940 746 1011 operis
778 941 821 997 sui
853 938 986 1011 partibus
1019 943 1191 1012 argumenta
1223 956 1258 997 ex

107 1040 226 1112 singulis
247 1036 412 1098 auctoribus
431 1041 532 1114 petere
551 1038 667 1095 solitum
689 1052 760 1102 esse,
782 1044 811 1096 et
832 1054 904 1109 quae
925 1038 955 1094 iu
984 1035 1066 1095 libris
1087 1036 1187 1095 XXXI
1217 1068 1253 1078 —

107 1130 191 1197 XLV'
207 1138 329 1210 Polybio
358 1135 478 1208 debeat,
509 1153 543 1196 ea
571 1137 657 1195 nullis
688 1137 774 1195 rebus
796 1137 912 1195 aliunde
938 1137 1036 1208 petitis
1066 1142 1151 1194 aucta
1182 1153 1254 1195 esse.

109 1237 192 1309 Quod
212 1237 240 1295 iu
262 1229 472 1310 posterioribus
494 1236 608 1308 quidem
630 1236 785 1295 decadibus
807 1234 913 1294 factum
935 1251 997 1293 esse
1019 1251 1076 1294 non
1098 1251 1253 1309 negemus;

108 1337 160 1394 sed
181 1352 245 1394 cum
277 1351 313 1395 ex
345 1337 386 1394 eis
406 1334 520 1408 Polybii
548 1334 648 1409 libris,
680 1351 750 1409 quos
772 1336 870 1394 Livius
896 1337 924 1392 in
957 1340 1061 1407 quarta
1093 1340 1122 1394 et
1153 1337 1255 1408 quinta

109 1434 263 1495 decadibus
274 1440 412 1507 tanquam
424 1436 511 1495 duces
528 1441 642 1495 secutus
652 1441 704 1508 est,
726 1441 845 1509 praeter
855 1435 1019 1509 fragmenta
1030 1434 1101 1493 nihil
1117 1439 1253 1507 supersit,

107 1535 181 1595 liber
202 1537 305 1596 tertius
333 1537 458 1594 intactus
486 1541 583 1609 extet,
612 1537 724 1596 euhoe
751 1536 848 1610 potius
876 1534 953 1595 libro
982 1553 1046 1595 curn
1067 1535 1143 1594 Livii
1172 1535 1255 1593 libris

107 1634 180 1693 XXI
209 1639 239 1694 et
266 1634 365 1694 xxii·
382 1642 549 1708 comparato
580 1636 771 1695 coniecturam
798 1633 951 1711 faciamus,
981 1635 1122 1709 quomodo
1144 1636 1252 1694 Livius

108 1732 231 1805 Polybio
260 1750 329 1793 usus
360 1735 406 1794 sit.
448 1734 550 1808 Neque
588 1735 715 1796 necesse
738 1739 784 1792 est
815 1734 966 1808 Polybium
995 1751 1013 1792 a
1040 1733 1123 1793 Livio
1154 1736 1255 1795 eadem

107 1849 221 1905 semper
242 1833 354 1892 ratione
382 1833 541 1893 adhibitum
570 1851 647 1907 esse3
680 1841 710 1894 et
731 1851 835 1894 revera
857 1834 962 1902 Livius,
992 1850 1056 1892 cum
1077 1835 1097 1891 l.
1121 1836 1159 1892 31
1183 1853 1208 1894 c.
1236 1838 1249 1891 1

105 1932 190 1991 bellis
218 1930 336 1991 Punicis
366 1933 518 1993 narrandis
551 1949 583 1994 se
609 1935 763 2009 fatigatum
800 1950 863 1994 esse
891 1932 1048 2008 significet,
1079 1936 1255 2006 posteriores

106 2031 198 2092 libros
218 2049 277 2092 non
291 2033 391 2093 eadem
412 2049 503 2106 opera
523 2040 553 2094 et
572 2052 643 2095 cura
664 2035 777 2094 videtur
794 2035 1010 2107 conscripsisse.
1042 2033 1163 2093 Accedit
1179 2034 1254 2106 quod

107 2133 136 2191 in
158 2133 314 2204 postremis
334 2131 425 2206 libris,
448 2133 551 2206 quibus
573 2135 645 2194 Livii
666 2137 754 2208 ipsius
775 2140 856 2195 aetas
875 2133 1097 2206 describebatur,
1120 2151 1157 2192 ne
1172 2140 1253 2207 pote·

108 2237 176 2291 rant
196 2233 312 2307 quidem
334 2233 510 2307 singulomm
532 2241 683 2294 auctorum
704 2234 772 2293 libri
794 2235 925 2307 exprimis
957 2234 1059 2308 Itaque
1074 2254 1139 2295 cum
1153 2236 1252 2295 Livius

107 2334 250 2391 rationem
270 2334 429 2393 studiorum
456 2334 612 2398 identidem
633 2338 796 2408 mutarent,
828 2338 915 2394 etiam
944 2336 1013 2395 illud
1042 2343 1252 2409 argumentum,
1284 2384 1288 2392 .

106 2432 184 2503 quod
197 2435 307 2506 petitur
327 2451 364 2493 ex
384 2437 507 2519 ratione,
530 2454 586 2510 qua
608 2437 706 2495 Livius
728 2434 818 2495 libros
839 2435 1064 2495 XXXI-XLV
1086 2435 1251 2508 coniecerit,

103 2530 141 2590 ad
163 2533 359 2604 quaestionem
378 2533 414 2593 de
443 2535 524 2594 libris
545 2537 617 2595 XXI
638 2541 667 2596 et
687 2535 773 2596 XXII
800 2535 966 2595 solvendam
988 2552 1045 2594 non
1070 2537 1168 2610 magui
1193 2553 1254 2594 mo·

106 2632 273 2691 mentiost.
1018 2653 1021 2663 ’

188 2967 269 3040 Quae
292 2969 356 3025 cum
377 2968 419 3026 ita
440 2969 506 3039 sint,
530 2984 593 3026 cnm
617 2967 700 3025 multi
721 2966 776 3050 uiri
801 2965 879 3024 docti
901 2961 1054 3036 Polybium
1076 2978 1093 3020 a
1115 2963 1197 3022 Livio
1220 2964 1249 3021 io

103 3068 145 3126 eis
167 3083 238 3145 quos
260 3068 345 3153 modo
364 3067 423 3126 dixi
444 3066 526 3125 libris
547 3070 577 3126 ln
598 3083 679 3125 usum
707 3071 839 3127 vocatum
862 3081 926 3124 esse
951 3069 1065 3138 negent,
1088 3065 1248 3136 quaerItnr,

102 3168 332 3239 quonammodo
353 3167 395 3225 illi
423 3165 530 3227 lactum
552 3183 613 3226 esse
641 3167 777 3239 iudicent,
798 3170 840 3225 *ut
860 3165 958 3224 Liuius
979 3171 1010 3222 et
1030 3162 1168 3235 Polybius
1189 3167 1249 3222 tam

103 3271 245 3338 saepeet
265 3272 324 3326 tam
346 3265 497 3326 manifesto
519 3268 596 3326 inter
620 3283 650 3326 se
673 3268 861 3326 consentiant.

187 3366 231 3425 Ao
249 3369 372 3440 primum
394 3367 471 3426 hune
493 3383 662 3426 consensum
684 3368 725 3426 ita
746 3367 872 3426 evenisse
897 3364 986 3436 dicas,
1013 3368 1046 3422 ut
1066 3365 1164 3425 Idvius
1190 3379 1249 3426 non

101 3481 137 3523 ex
159 3463 279 3538 Polybio
301 3468 374 3540 ipso,
404 3468 456 3527 sed
476 3484 514 3527 ex
534 3469 591 3528 alio
614 3470 764 3541 scriptore,
787 3467 835 3539 qui
855 3464 1008 3538 Polybium
1030 3469 1143 3523 secutus
1164 3468 1248 3534 esset,

102 3580 154 3624 sua
174 3565 314 3625 hauriret.
350 3568 390 3626 Et
410 3584 477 3626 vero
491 3567 620 3639 Nitzsch,
643 3569 693 3641 qui
704 3568 817 3641 saepius
833 3567 997 3638 opinionem
1018 3580 1099 3624 suam
1117 3565 1248 3634 mutavit,

102 3667 266 3736 nuperrime
289 3666 318 3724 in
340 3683 374 3727 eo
395 3665 480 3739 libro,
510 3683 594 3740 qoem
615 3667 730 3740 scripsit
750 3666 786 3726 de
811 3666 957 3726 annalium
979 3663 1168 3738 scriptoribus
1182 3663 1248 3723 'Ro-

101 3764 193 3822 manIs
215 3762 256 3838 (p.
281 3766 345 3839 21),
378 3766 499 3838 Livium,
530 3784 594 3827 cum
627 3768 736 3840 primas
764 3767 869 3826 nesab
892 3764 1057 3826 Hannibale
1088 3770 1182 3836 gestas
1214 3780 1250 3822 ex

101 3859 201 3922 coeno
221 3866 424 3937 transtulisset,
453 3873 555 3940 postea
575 3868 631 3928 hoc
650 3874 770 3928 auctore
797 3868 899 3927 relicto
914 3865 1066 3926 ‘Valerium
1088 3865 1248 3933 Antiatem,

99 3963 149 4035 qui
170 3961 292 4037 Polybio
316 3981 386 4026 usus
406 3972 493 4038 esset,
519 3967 623 4029 ducem
651 3964 802 4042 elegum)
823 3968 992 4040 suspicatur.
1040 3963 1120 4034 Quae
1151 3962 1249 4035 opinio

174 4158 194 4227 ¹)
213 4160 352 4228 Quomodo
380 4177 444 4215 vero
469 4163 570 4216 iactum
594 4165 636 4232 sit,
653 4168 684 4216 ut
701 4163 743 4217 sui
761 4161 967 4214 dissimillimum
986 4159 1106 4228 elegerit,
1130 4158 1180 4211 alii
1205 4172 1248 4208 cie

100 4249 223 4317 pediant.

1031 4321 1049 4378 2
