<?xml version="1.0" encoding="UTF-8"?>
<!DOCTYPE html PUBLIC "-//W3C//DTD XHTML 1.0 Transitional//EN"
    "http://www.w3.org/TR/xhtml1/DTD/xhtml1-transitional.dtd">
<html xmlns="http://www.w3.org/1999/xhtml" xml:lang="en" lang="en">
 <head>
  <title>
</title>
<meta http-equiv="Content-Type" content="text/html;charset=utf-8" />
  <meta name='ocr-system' content='tesseract 3.04.00' />
  <meta name='ocr-capabilities' content='ocr_page ocr_carea ocr_par ocr_line ocrx_word'/>
</head>
<body>
  <div class='ocr_page' id='page_1' title='image "./defontibuslibro00lutegoog_0019.png"; bbox 0 0 2708 4628; ppageno 0'>
   <div class='ocr_carea' id='block_1_1' title="bbox 634 161 781 249">
    <p class='ocr_par' dir='ltr' id='par_1_1' title="bbox 634 161 781 249">
     <span class='ocr_line' id='line_1_1' title="bbox 634 161 781 249; baseline -0.014 -1"><span class='ocrx_word' id='word_1_1' title='bbox 634 161 781 249; x_wconf 52' lang='lat' dir='ltr'>„Q</span> 
     </span>
    </p>
   </div>
   <div class='ocr_carea' id='block_1_2' title="bbox 117 356 1284 3235">
    <p class='ocr_par' dir='ltr' id='par_1_2' title="bbox 140 356 1282 535">
     <span class='ocr_line' id='line_1_2' title="bbox 140 356 1282 436; baseline 0.006 -21"><span class='ocrx_word' id='word_1_2' title='bbox 140 356 310 428; x_wconf 86' lang='lat' dir='ltr'>concedunt,</span> <span class='ocrx_word' id='word_1_3' title='bbox 333 357 383 416; x_wconf 90' lang='lat' dir='ltr'>sed</span> <span class='ocrx_word' id='word_1_4' title='bbox 399 359 530 431; x_wconf 90' lang='lat' dir='ltr'>quotiens</span> <span class='ocrx_word' id='word_1_5' title='bbox 545 359 581 418; x_wconf 89' lang='lat' dir='ltr'>ad</span> <span class='ocrx_word' id='word_1_6' title='bbox 597 378 657 419; x_wconf 84' lang='lat' dir='ltr'>rem</span> <span class='ocrx_word' id='word_1_7' title='bbox 668 368 848 434; x_wconf 81' lang='lat' dir='ltr'>praesentem</span> <span class='ocrx_word' id='word_1_8' title='bbox 863 369 979 421; x_wconf 90' lang='lat' dir='ltr'>ventum</span> <span class='ocrx_word' id='word_1_9' title='bbox 999 368 1053 436; x_wconf 89' lang='lat' dir='ltr'>est,</span> <span class='ocrx_word' id='word_1_10' title='bbox 1069 364 1180 422; x_wconf 91' lang='lat' dir='ltr'>Livium</span> <span class='ocrx_word' id='word_1_11' title='bbox 1196 364 1282 422; x_wconf 89' lang='lat' dir='ltr'>nimio</span> 
     </span>
     <span class='ocr_line' id='line_1_3' title="bbox 140 457 1071 535; baseline 0.008 -22"><span class='ocrx_word' id='word_1_12' title='bbox 140 457 252 530; x_wconf 83' lang='lat' dir='ltr'>patriae</span> <span class='ocrx_word' id='word_1_13' title='bbox 280 474 377 516; x_wconf 87' lang='lat' dir='ltr'>amore</span> <span class='ocrx_word' id='word_1_14' title='bbox 398 464 569 518; x_wconf 90' lang='lat' dir='ltr'>commotum</span> <span class='ocrx_word' id='word_1_15' title='bbox 591 477 609 519; x_wconf 89' lang='lat' dir='ltr'>a</span> <span class='ocrx_word' id='word_1_16' title='bbox 630 459 752 532; x_wconf 85' lang='lat' dir='ltr'>Polybio</span> <span class='ocrx_word' id='word_1_17' title='bbox 774 461 933 520; x_wconf 80' lang='lat' dir='ltr'>discessisse</span> <span class='ocrx_word' id='word_1_18' title='bbox 955 466 1071 535; x_wconf 83' lang='lat' dir='ltr'>negant.</span> 
     </span>
    </p>

    <p class='ocr_par' dir='ltr' id='par_1_3' title="bbox 136 544 1284 2529">
     <span class='ocr_line' id='line_1_4' title="bbox 230 544 1284 630; baseline 0.001 -13"><span class='ocrx_word' id='word_1_19' title='bbox 230 556 390 630; x_wconf 79' lang='lat' dir='ltr'>Scriptores</span> <span class='ocrx_word' id='word_1_20' title='bbox 412 575 480 618; x_wconf 90' lang='lat' dir='ltr'>vero</span> <span class='ocrx_word' id='word_1_21' title='bbox 501 544 624 619; x_wconf 83' lang='lat' dir='ltr'>Romani</span> <span class='ocrx_word' id='word_1_22' title='bbox 645 561 674 618; x_wconf 91' lang='lat' dir='ltr'>in</span> <span class='ocrx_word' id='word_1_23' title='bbox 695 560 846 619; x_wconf 83' lang='lat' dir='ltr'>annalibus</span> <span class='ocrx_word' id='word_1_24' title='bbox 868 560 1082 621; x_wconf 88' lang='lat' dir='ltr'>conscribendis</span> <span class='ocrx_word' id='word_1_25' title='bbox 1108 579 1165 620; x_wconf 90' lang='lat' dir='ltr'>uon</span> <span class='ocrx_word' id='word_1_26' title='bbox 1194 562 1284 619; x_wconf 90' lang='lat' dir='ltr'>solum</span> 
     </span>
     <span class='ocr_line' id='line_1_5' title="bbox 139 655 1283 736; baseline 0.005 -24"><span class='ocrx_word' id='word_1_27' title='bbox 139 655 203 728; x_wconf 89' lang='lat' dir='ltr'>plus</span> <span class='ocrx_word' id='word_1_28' title='bbox 225 672 316 730; x_wconf 90' lang='lat' dir='ltr'>aequo</span> <span class='ocrx_word' id='word_1_29' title='bbox 338 658 475 718; x_wconf 88' lang='lat' dir='ltr'>Romanis</span> <span class='ocrx_word' id='word_1_30' title='bbox 496 658 640 736; x_wconf 82' lang='lat' dir='ltr'>favebant,</span> <span class='ocrx_word' id='word_1_31' title='bbox 679 660 730 719; x_wconf 88' lang='lat' dir='ltr'>sed</span> <span class='ocrx_word' id='word_1_32' title='bbox 750 677 814 720; x_wconf 91' lang='lat' dir='ltr'>cum</span> <span class='ocrx_word' id='word_1_33' title='bbox 828 659 957 734; x_wconf 84' lang='lat' dir='ltr'>plerique</span> <span class='ocrx_word' id='word_1_34' title='bbox 972 677 1072 720; x_wconf 90' lang='lat' dir='ltr'>eorum</span> <span class='ocrx_word' id='word_1_35' title='bbox 1086 662 1116 720; x_wconf 91' lang='lat' dir='ltr'>in</span> <span class='ocrx_word' id='word_1_36' title='bbox 1136 661 1283 719; x_wconf 83' lang='lat' dir='ltr'>rhetorum</span> 
     </span>
     <span class='ocr_line' id='line_1_6' title="bbox 139 754 1282 826; baseline 0.006 -14"><span class='ocrx_word' id='word_1_37' title='bbox 139 754 215 815; x_wconf 91' lang='lat' dir='ltr'>ludis</span> <span class='ocrx_word' id='word_1_38' title='bbox 243 756 349 817; x_wconf 91' lang='lat' dir='ltr'>eruditi</span> <span class='ocrx_word' id='word_1_39' title='bbox 379 763 482 826; x_wconf 80' lang='lat' dir='ltr'>essem,</span> <span class='ocrx_word' id='word_1_40' title='bbox 517 760 603 819; x_wconf 86' lang='lat' dir='ltr'>etiam</span> <span class='ocrx_word' id='word_1_41' title='bbox 631 775 679 819; x_wconf 90' lang='lat' dir='ltr'>res</span> <span class='ocrx_word' id='word_1_42' title='bbox 710 761 739 819; x_wconf 90' lang='lat' dir='ltr'>in</span> <span class='ocrx_word' id='word_1_43' title='bbox 772 765 917 821; x_wconf 90' lang='lat' dir='ltr'>oratorum</span> <span class='ocrx_word' id='word_1_44' title='bbox 950 761 1064 819; x_wconf 89' lang='lat' dir='ltr'>modum</span> <span class='ocrx_word' id='word_1_45' title='bbox 1096 760 1282 820; x_wconf 82' lang='lat' dir='ltr'>exornabant.</span> 
     </span>
     <span class='ocr_line' id='line_1_7' title="bbox 139 851 1283 930; baseline 0.005 -18"><span class='ocrx_word' id='word_1_46' title='bbox 139 855 205 928; x_wconf 91' lang='lat' dir='ltr'>lpse</span> <span class='ocrx_word' id='word_1_47' title='bbox 227 854 329 916; x_wconf 84' lang='lat' dir='ltr'>Cicero</span> <span class='ocrx_word' id='word_1_48' title='bbox 346 856 370 930; x_wconf 89' lang='lat'>¹)</span> <span class='ocrx_word' id='word_1_49' title='bbox 390 858 553 919; x_wconf 80' lang='lat' dir='ltr'>rhetoribus</span> <span class='ocrx_word' id='word_1_50' title='bbox 575 876 740 920; x_wconf 90' lang='lat' dir='ltr'>concessum</span> <span class='ocrx_word' id='word_1_51' title='bbox 770 876 833 920; x_wconf 87' lang='lat' dir='ltr'>esse</span> <span class='ocrx_word' id='word_1_52' title='bbox 861 860 1005 920; x_wconf 87' lang='lat' dir='ltr'>iudicabat</span> <span class='ocrx_word' id='word_1_53' title='bbox 1024 851 1158 918; x_wconf 90' lang='lat' dir='ltr'>ementiri</span> <span class='ocrx_word' id='word_1_54' title='bbox 1189 861 1219 918; x_wconf 91' lang='lat' dir='ltr'>in</span> <span class='ocrx_word' id='word_1_55' title='bbox 1240 861 1283 918; x_wconf 94' lang='lat' dir='ltr'>hi-</span> 
     </span>
     <span class='ocr_line' id='line_1_8' title="bbox 139 957 1283 1034; baseline 0.002 -19"><span class='ocrx_word' id='word_1_56' title='bbox 139 957 245 1024; x_wconf 92' lang='lat' dir='ltr'>storiis,</span> <span class='ocrx_word' id='word_1_57' title='bbox 283 962 315 1016; x_wconf 88' lang='lat' dir='ltr'>ut</span> <span class='ocrx_word' id='word_1_58' title='bbox 336 959 443 1031; x_wconf 88' lang='lat' dir='ltr'>aliquid</span> <span class='ocrx_word' id='word_1_59' title='bbox 464 961 593 1034; x_wconf 79' lang='lat' dir='ltr'>argutius</span> <span class='ocrx_word' id='word_1_60' title='bbox 613 967 732 1034; x_wconf 85' lang='lat' dir='ltr'>possent</span> <span class='ocrx_word' id='word_1_61' title='bbox 753 959 859 1032; x_wconf 81' lang='lat' dir='ltr'>dicere,</span> <span class='ocrx_word' id='word_1_62' title='bbox 882 965 912 1019; x_wconf 90' lang='lat' dir='ltr'>et</span> <span class='ocrx_word' id='word_1_63' title='bbox 940 960 1129 1032; x_wconf 78' lang='lat' dir='ltr'>Quintilianus</span> <span class='ocrx_word' id='word_1_64' title='bbox 1142 958 1167 1031; x_wconf 75' lang='lat'>²)</span> <span class='ocrx_word' id='word_1_65' title='bbox 1186 976 1283 1018; x_wconf 91' lang='lat' dir='ltr'>rerum</span> 
     </span>
     <span class='ocr_line' id='line_1_9' title="bbox 140 1058 1283 1132; baseline 0.003 -17"><span class='ocrx_word' id='word_1_66' title='bbox 140 1062 287 1130; x_wconf 81' lang='lat' dir='ltr'>gestarum</span> <span class='ocrx_word' id='word_1_67' title='bbox 309 1060 495 1132; x_wconf 80' lang='lat' dir='ltr'>scriptoribus</span> <span class='ocrx_word' id='word_1_68' title='bbox 517 1060 618 1119; x_wconf 90' lang='lat' dir='ltr'>eadem</span> <span class='ocrx_word' id='word_1_69' title='bbox 649 1060 710 1120; x_wconf 84' lang='lat' dir='ltr'>fere</span> <span class='ocrx_word' id='word_1_70' title='bbox 738 1060 825 1120; x_wconf 88' lang='lat' dir='ltr'>licere</span> <span class='ocrx_word' id='word_1_71' title='bbox 857 1058 1049 1131; x_wconf 81' lang='lat' dir='ltr'>existimabat,</span> <span class='ocrx_word' id='word_1_72' title='bbox 1080 1076 1153 1132; x_wconf 87' lang='lat' dir='ltr'>quae</span> <span class='ocrx_word' id='word_1_73' title='bbox 1185 1066 1283 1119; x_wconf 90' lang='lat' dir='ltr'>nostra</span> 
     </span>
     <span class='ocr_line' id='line_1_10' title="bbox 139 1156 1279 1234; baseline 0 -18"><span class='ocrx_word' id='word_1_74' title='bbox 139 1163 220 1217; x_wconf 85' lang='lat' dir='ltr'>aetas</span> <span class='ocrx_word' id='word_1_75' title='bbox 248 1156 409 1218; x_wconf 85' lang='lat' dir='ltr'>fabularum</span> <span class='ocrx_word' id='word_1_76' title='bbox 438 1177 508 1234; x_wconf 87' lang='lat' dir='ltr'>quas</span> <span class='ocrx_word' id='word_1_77' title='bbox 543 1160 664 1223; x_wconf 86' lang='lat' dir='ltr'>dicimus</span> <span class='ocrx_word' id='word_1_78' title='bbox 693 1159 914 1220; x_wconf 87' lang='lat' dir='ltr'>Romaneusium</span> <span class='ocrx_word' id='word_1_79' title='bbox 951 1159 1115 1219; x_wconf 83' lang='lat' dir='ltr'>auctoribus</span> <span class='ocrx_word' id='word_1_80' title='bbox 1142 1159 1279 1218; x_wconf 87' lang='lat' dir='ltr'>coneedit.</span> 
     </span>
     <span class='ocr_line' id='line_1_11' title="bbox 141 1256 1282 1333; baseline 0.002 -18"><span class='ocrx_word' id='word_1_81' title='bbox 141 1256 205 1327; x_wconf 77' lang='lat' dir='ltr'>Quo</span> <span class='ocrx_word' id='word_1_82' title='bbox 228 1259 356 1318; x_wconf 88' lang='lat' dir='ltr'>oratorio</span> <span class='ocrx_word' id='word_1_83' title='bbox 383 1259 479 1319; x_wconf 87' lang='lat' dir='ltr'>colore</span> <span class='ocrx_word' id='word_1_84' title='bbox 500 1261 607 1320; x_wconf 88' lang='lat' dir='ltr'>Nissen</span> <span class='ocrx_word' id='word_1_85' title='bbox 629 1267 660 1320; x_wconf 90' lang='lat' dir='ltr'>et</span> <span class='ocrx_word' id='word_1_86' title='bbox 680 1261 836 1320; x_wconf 86' lang='lat' dir='ltr'>Boettcher</span> <span class='ocrx_word' id='word_1_87' title='bbox 857 1277 923 1320; x_wconf 90' lang='lat' dir='ltr'>cum</span> <span class='ocrx_word' id='word_1_88' title='bbox 945 1259 1081 1319; x_wconf 89' lang='lat' dir='ltr'>Livianos</span> <span class='ocrx_word' id='word_1_89' title='bbox 1102 1276 1210 1333; x_wconf 89' lang='lat' dir='ltr'>quoque</span> <span class='ocrx_word' id='word_1_90' title='bbox 1232 1277 1282 1317; x_wconf 90' lang='lat' dir='ltr'>an·</span> 
     </span>
     <span class='ocr_line' id='line_1_12' title="bbox 139 1358 1282 1434; baseline 0 -19"><span class='ocrx_word' id='word_1_91' title='bbox 139 1359 220 1417; x_wconf 89' lang='lat' dir='ltr'>nales</span> <span class='ocrx_word' id='word_1_92' title='bbox 242 1358 394 1432; x_wconf 90' lang='lat' dir='ltr'>adspersos</span> <span class='ocrx_word' id='word_1_93' title='bbox 417 1376 478 1420; x_wconf 88' lang='lat' dir='ltr'>esse</span> <span class='ocrx_word' id='word_1_94' title='bbox 500 1365 578 1421; x_wconf 88' lang='lat' dir='ltr'>reete</span> <span class='ocrx_word' id='word_1_95' title='bbox 599 1361 706 1428; x_wconf 89' lang='lat' dir='ltr'>dicunt,</span> <span class='ocrx_word' id='word_1_96' title='bbox 725 1367 787 1420; x_wconf 89' lang='lat' dir='ltr'>tum</span> <span class='ocrx_word' id='word_1_97' title='bbox 814 1362 844 1420; x_wconf 93' lang='lat' dir='ltr'>in</span> <span class='ocrx_word' id='word_1_98' title='bbox 866 1365 969 1434; x_wconf 89' lang='lat' dir='ltr'>quarta</span> <span class='ocrx_word' id='word_1_99' title='bbox 994 1365 1025 1418; x_wconf 91' lang='lat' dir='ltr'>et</span> <span class='ocrx_word' id='word_1_100' title='bbox 1045 1362 1145 1433; x_wconf 91' lang='lat' dir='ltr'>quinta</span> <span class='ocrx_word' id='word_1_101' title='bbox 1169 1358 1282 1419; x_wconf 90' lang='lat' dir='ltr'>decadi·</span> 
     </span>
     <span class='ocr_line' id='line_1_13' title="bbox 138 1456 1283 1534; baseline -0.001 -18"><span class='ocrx_word' id='word_1_102' title='bbox 138 1456 192 1516; x_wconf 92' lang='lat' dir='ltr'>bus</span> <span class='ocrx_word' id='word_1_103' title='bbox 220 1459 334 1533; x_wconf 83' lang='lat' dir='ltr'>Livium</span> <span class='ocrx_word' id='word_1_104' title='bbox 365 1476 567 1534; x_wconf 90' lang='lat' dir='ltr'>nonnunquam</span> <span class='ocrx_word' id='word_1_105' title='bbox 588 1460 675 1520; x_wconf 87' lang='lat' dir='ltr'>verba</span> <span class='ocrx_word' id='word_1_106' title='bbox 696 1461 855 1534; x_wconf 89' lang='lat' dir='ltr'>Polybiana</span> <span class='ocrx_word' id='word_1_107' title='bbox 883 1461 919 1520; x_wconf 86' lang='lat' dir='ltr'>ad</span> <span class='ocrx_word' id='word_1_108' title='bbox 952 1461 1100 1519; x_wconf 89' lang='lat' dir='ltr'>rhetorum</span> <span class='ocrx_word' id='word_1_109' title='bbox 1126 1464 1283 1534; x_wconf 88' lang='lat' dir='ltr'>praecepta</span> 
     </span>
     <span class='ocr_line' id='line_1_14' title="bbox 136 1557 1283 1634; baseline -0.001 -18"><span class='ocrx_word' id='word_1_110' title='bbox 136 1558 290 1617; x_wconf 87' lang='lat' dir='ltr'>mutavisse</span> <span class='ocrx_word' id='word_1_111' title='bbox 313 1563 342 1616; x_wconf 91' lang='lat' dir='ltr'>et</span> <span class='ocrx_word' id='word_1_112' title='bbox 363 1561 547 1620; x_wconf 87' lang='lat' dir='ltr'>exornavisse</span> <span class='ocrx_word' id='word_1_113' title='bbox 567 1560 717 1632; x_wconf 84' lang='lat' dir='ltr'>praeclare</span> <span class='ocrx_word' id='word_1_114' title='bbox 738 1559 1008 1620; x_wconf 89' lang='lat' dir='ltr'>demonstraverunt</span> <span class='ocrx_word' id='word_1_115' title='bbox 1022 1557 1056 1634; x_wconf 80' lang='lat'>³),</span> <span class='ocrx_word' id='word_1_116' title='bbox 1078 1560 1128 1618; x_wconf 91' lang='lat' dir='ltr'>sed</span> <span class='ocrx_word' id='word_1_117' title='bbox 1150 1562 1283 1633; x_wconf 90' lang='lat' dir='ltr'>quotiens</span> 
     </span>
     <span class='ocr_line' id='line_1_15' title="bbox 137 1657 1281 1732; baseline 0 -15"><span class='ocrx_word' id='word_1_118' title='bbox 137 1657 167 1717; x_wconf 89' lang='lat' dir='ltr'>in</span> <span class='ocrx_word' id='word_1_119' title='bbox 189 1657 271 1716; x_wconf 92' lang='lat' dir='ltr'>libris</span> <span class='ocrx_word' id='word_1_120' title='bbox 293 1659 374 1718; x_wconf 86' lang='lat' dir='ltr'>XXl</span> <span class='ocrx_word' id='word_1_121' title='bbox 387 1664 416 1718; x_wconf 87' lang='lat' dir='ltr'>et</span> <span class='ocrx_word' id='word_1_122' title='bbox 438 1659 525 1719; x_wconf 89' lang='lat' dir='ltr'>XXII</span> <span class='ocrx_word' id='word_1_123' title='bbox 546 1660 611 1719; x_wconf 90' lang='lat' dir='ltr'>talis</span> <span class='ocrx_word' id='word_1_124' title='bbox 641 1661 718 1720; x_wconf 90' lang='lat' dir='ltr'>locus</span> <span class='ocrx_word' id='word_1_125' title='bbox 743 1662 878 1732; x_wconf 89' lang='lat' dir='ltr'>occurrit,</span> <span class='ocrx_word' id='word_1_126' title='bbox 901 1661 1059 1720; x_wconf 90' lang='lat' dir='ltr'>Boettcher</span> <span class='ocrx_word' id='word_1_127' title='bbox 1087 1661 1181 1718; x_wconf 89' lang='lat' dir='ltr'>animo</span> <span class='ocrx_word' id='word_1_128' title='bbox 1211 1657 1281 1717; x_wconf 87' lang='lat' dir='ltr'>fluc-</span> 
     </span>
     <span class='ocr_line' id='line_1_16' title="bbox 137 1760 1282 1835; baseline 0 -19"><span class='ocrx_word' id='word_1_129' title='bbox 137 1762 209 1832; x_wconf 86' lang='lat' dir='ltr'>tuat,</span> <span class='ocrx_word' id='word_1_130' title='bbox 232 1761 444 1819; x_wconf 86' lang='lat' dir='ltr'>excusationem</span> <span class='ocrx_word' id='word_1_131' title='bbox 466 1760 590 1834; x_wconf 85' lang='lat' dir='ltr'>aliquam</span> <span class='ocrx_word' id='word_1_132' title='bbox 613 1767 707 1833; x_wconf 91' lang='lat' dir='ltr'>parat,</span> <span class='ocrx_word' id='word_1_133' title='bbox 730 1761 851 1835; x_wconf 87' lang='lat' dir='ltr'>denique</span> <span class='ocrx_word' id='word_1_134' title='bbox 873 1761 911 1819; x_wconf 90' lang='lat' dir='ltr'>ad</span> <span class='ocrx_word' id='word_1_135' title='bbox 933 1760 1020 1818; x_wconf 82' lang='lat' dir='ltr'>alium</span> <span class='ocrx_word' id='word_1_136' title='bbox 1042 1766 1188 1820; x_wconf 87' lang='lat' dir='ltr'>auctorem</span> <span class='ocrx_word' id='word_1_137' title='bbox 1214 1774 1282 1817; x_wconf 85' lang='lat' dir='ltr'>con·</span> 
     </span>
     <span class='ocr_line' id='line_1_17' title="bbox 137 1858 1281 1935; baseline -0.002 -18"><span class='ocrx_word' id='word_1_138' title='bbox 137 1858 218 1932; x_wconf 81' lang='lat' dir='ltr'>fugit.</span> <span class='ocrx_word' id='word_1_139' title='bbox 262 1860 362 1931; x_wconf 89' lang='lat' dir='ltr'>Neque</span> <span class='ocrx_word' id='word_1_140' title='bbox 383 1865 480 1919; x_wconf 89' lang='lat' dir='ltr'>tamen</span> <span class='ocrx_word' id='word_1_141' title='bbox 504 1860 620 1920; x_wconf 91' lang='lat' dir='ltr'>dubium</span> <span class='ocrx_word' id='word_1_142' title='bbox 643 1865 694 1929; x_wconf 89' lang='lat' dir='ltr'>cst,</span> <span class='ocrx_word' id='word_1_143' title='bbox 716 1863 785 1935; x_wconf 88' lang='lat' dir='ltr'>quin</span> <span class='ocrx_word' id='word_1_144' title='bbox 806 1862 913 1928; x_wconf 90' lang='lat' dir='ltr'>Livius,</span> <span class='ocrx_word' id='word_1_145' title='bbox 936 1862 984 1933; x_wconf 93' lang='lat' dir='ltr'>qui</span> <span class='ocrx_word' id='word_1_146' title='bbox 1011 1864 1040 1919; x_wconf 93' lang='lat' dir='ltr'>et</span> <span class='ocrx_word' id='word_1_147' title='bbox 1076 1861 1135 1934; x_wconf 90' lang='lat' dir='ltr'>ipse</span> <span class='ocrx_word' id='word_1_148' title='bbox 1167 1858 1281 1918; x_wconf 87' lang='lat' dir='ltr'>adules-</span> 
     </span>
     <span class='ocr_line' id='line_1_18' title="bbox 138 1955 1280 2043; baseline -0.004 -24"><span class='ocrx_word' id='word_1_149' title='bbox 138 1975 205 2019; x_wconf 89' lang='lat' dir='ltr'>cens</span> <span class='ocrx_word' id='word_1_150' title='bbox 229 1966 322 2019; x_wconf 89' lang='lat' dir='ltr'>artem</span> <span class='ocrx_word' id='word_1_151' title='bbox 343 1959 518 2043; x_wconf 77' lang='lat' dir='ltr'>rhetoricam</span> <span class='ocrx_word' id='word_1_152' title='bbox 532 1960 677 2034; x_wconf 87' lang='lat' dir='ltr'>professus</span> <span class='ocrx_word' id='word_1_153' title='bbox 699 1977 763 2021; x_wconf 90' lang='lat' dir='ltr'>esse</span> <span class='ocrx_word' id='word_1_154' title='bbox 790 1960 913 2035; x_wconf 84' lang='lat' dir='ltr'>videtur,</span> <span class='ocrx_word' id='word_1_155' title='bbox 928 1955 958 2032; x_wconf 77' lang='lat'>⁴)</span> <span class='ocrx_word' id='word_1_156' title='bbox 980 1960 1010 2018; x_wconf 91' lang='lat' dir='ltr'>in</span> <span class='ocrx_word' id='word_1_157' title='bbox 1041 1961 1085 2019; x_wconf 92' lang='lat' dir='ltr'>his</span> <span class='ocrx_word' id='word_1_158' title='bbox 1112 1958 1194 2018; x_wconf 90' lang='lat' dir='ltr'>libris</span> <span class='ocrx_word' id='word_1_159' title='bbox 1222 1976 1280 2018; x_wconf 90' lang='lat' dir='ltr'>non</span> 
     </span>
     <span class='ocr_line' id='line_1_19' title="bbox 138 2058 1282 2134; baseline -0.003 -16"><span class='ocrx_word' id='word_1_160' title='bbox 138 2061 230 2118; x_wconf 89' lang='lat' dir='ltr'>miuus</span> <span class='ocrx_word' id='word_1_161' title='bbox 251 2076 337 2133; x_wconf 89' lang='lat' dir='ltr'>quam</span> <span class='ocrx_word' id='word_1_162' title='bbox 358 2061 388 2118; x_wconf 92' lang='lat' dir='ltr'>in</span> <span class='ocrx_word' id='word_1_163' title='bbox 411 2064 514 2133; x_wconf 87' lang='lat' dir='ltr'>quarta</span> <span class='ocrx_word' id='word_1_164' title='bbox 536 2061 642 2122; x_wconf 88' lang='lat' dir='ltr'>decade</span> <span class='ocrx_word' id='word_1_165' title='bbox 664 2078 707 2132; x_wconf 83' lang='lat' dir='ltr'>ea,</span> <span class='ocrx_word' id='word_1_166' title='bbox 735 2077 808 2134; x_wconf 89' lang='lat' dir='ltr'>quae</span> <span class='ocrx_word' id='word_1_167' title='bbox 828 2079 846 2122; x_wconf 94' lang='lat' dir='ltr'>a</span> <span class='ocrx_word' id='word_1_168' title='bbox 866 2078 962 2120; x_wconf 90' lang='lat' dir='ltr'>rerum</span> <span class='ocrx_word' id='word_1_169' title='bbox 991 2058 1153 2120; x_wconf 90' lang='lat' dir='ltr'>auctoribus</span> <span class='ocrx_word' id='word_1_170' title='bbox 1173 2059 1282 2117; x_wconf 89' lang='lat' dir='ltr'>tradita</span> 
     </span>
     <span class='ocr_line' id='line_1_20' title="bbox 137 2157 1281 2235; baseline -0.003 -18"><span class='ocrx_word' id='word_1_171' title='bbox 137 2164 242 2231; x_wconf 82' lang='lat' dir='ltr'>essent,</span> <span class='ocrx_word' id='word_1_172' title='bbox 257 2161 460 2219; x_wconf 89' lang='lat' dir='ltr'>retractaverit</span> <span class='ocrx_word' id='word_1_173' title='bbox 472 2165 502 2220; x_wconf 90' lang='lat' dir='ltr'>et</span> <span class='ocrx_word' id='word_1_174' title='bbox 513 2161 771 2235; x_wconf 88' lang='lat' dir='ltr'>quasiquibusdam</span> <span class='ocrx_word' id='word_1_175' title='bbox 783 2162 935 2221; x_wconf 91' lang='lat' dir='ltr'>verborum</span> <span class='ocrx_word' id='word_1_176' title='bbox 949 2159 1068 2221; x_wconf 92' lang='lat' dir='ltr'>floribus</span> <span class='ocrx_word' id='word_1_177' title='bbox 1079 2157 1281 2232; x_wconf 88' lang='lat' dir='ltr'>consperserit.</span> 
     </span>
     <span class='ocr_line' id='line_1_21' title="bbox 138 2246 1279 2333; baseline -0.004 -14"><span class='ocrx_word' id='word_1_178' title='bbox 138 2246 223 2319; x_wconf 75' lang='lat' dir='ltr'>Velut</span> <span class='ocrx_word' id='word_1_179' title='bbox 244 2261 274 2318; x_wconf 92' lang='lat' dir='ltr'>in</span> <span class='ocrx_word' id='word_1_180' title='bbox 295 2261 315 2318; x_wconf 93' lang='lat' dir='ltr'>l.</span> <span class='ocrx_word' id='word_1_181' title='bbox 345 2263 386 2318; x_wconf 81' lang='lat'>22</span> <span class='ocrx_word' id='word_1_182' title='bbox 409 2278 432 2320; x_wconf 88' lang='lat' dir='ltr'>c.</span> <span class='ocrx_word' id='word_1_183' title='bbox 458 2261 506 2333; x_wconf 85' lang='grc'>39,</span> <span class='ocrx_word' id='word_1_184' title='bbox 538 2261 589 2320; x_wconf 90' lang='lat' dir='ltr'>ubi</span> <span class='ocrx_word' id='word_1_185' title='bbox 609 2260 717 2321; x_wconf 90' lang='lat' dir='ltr'>Paulus</span> <span class='ocrx_word' id='word_1_186' title='bbox 744 2263 844 2322; x_wconf 88' lang='lat' dir='ltr'>consul</span> <span class='ocrx_word' id='word_1_187' title='bbox 865 2279 883 2322; x_wconf 92' lang='lat' dir='ltr'>a</span> <span class='ocrx_word' id='word_1_188' title='bbox 904 2262 996 2322; x_wconf 84' lang='lat' dir='ltr'>Fabio</span> <span class='ocrx_word' id='word_1_189' title='bbox 1026 2260 1154 2320; x_wconf 85' lang='lat' dir='ltr'>Maximo</span> <span class='ocrx_word' id='word_1_190' title='bbox 1181 2274 1279 2317; x_wconf 90' lang='lat' dir='ltr'>mone·</span> 
     </span>
     <span class='ocr_line' id='line_1_22' title="bbox 137 2359 1280 2434; baseline -0.004 -17"><span class='ocrx_word' id='word_1_191' title='bbox 137 2363 194 2430; x_wconf 83' lang='lat' dir='ltr'>tur,</span> <span class='ocrx_word' id='word_1_192' title='bbox 223 2376 280 2418; x_wconf 90' lang='lat' dir='ltr'>non</span> <span class='ocrx_word' id='word_1_193' title='bbox 308 2359 400 2420; x_wconf 90' lang='lat' dir='ltr'>minus</span> <span class='ocrx_word' id='word_1_194' title='bbox 429 2361 596 2420; x_wconf 88' lang='lat' dir='ltr'>certaminis</span> <span class='ocrx_word' id='word_1_195' title='bbox 628 2361 682 2421; x_wconf 91' lang='lat' dir='ltr'>sibi</span> <span class='ocrx_word' id='word_1_196' title='bbox 704 2377 768 2419; x_wconf 89' lang='lat' dir='ltr'>cum</span> <span class='ocrx_word' id='word_1_197' title='bbox 796 2361 907 2434; x_wconf 84' lang='lat' dir='ltr'>collega</span> <span class='ocrx_word' id='word_1_198' title='bbox 936 2361 1068 2419; x_wconf 86' lang='lat' dir='ltr'>Varrone</span> <span class='ocrx_word' id='word_1_199' title='bbox 1101 2373 1185 2431; x_wconf 88' lang='lat' dir='ltr'>quam</span> <span class='ocrx_word' id='word_1_200' title='bbox 1216 2371 1280 2413; x_wconf 87' lang='lat' dir='ltr'>cum</span> 
     </span>
     <span class='ocr_line' id='line_1_23' title="bbox 137 2456 1277 2529; baseline -0.005 -11"><span class='ocrx_word' id='word_1_201' title='bbox 137 2458 300 2519; x_wconf 88' lang='lat' dir='ltr'>Hannibale</span> <span class='ocrx_word' id='word_1_202' title='bbox 321 2457 456 2529; x_wconf 83' lang='lat' dir='ltr'>futurum,</span> <span class='ocrx_word' id='word_1_203' title='bbox 485 2461 550 2521; x_wconf 89' lang='lat' dir='ltr'>illos</span> <span class='ocrx_word' id='word_1_204' title='bbox 576 2462 653 2522; x_wconf 90' lang='lat' dir='ltr'>viros</span> <span class='ocrx_word' id='word_1_205' title='bbox 675 2461 856 2521; x_wconf 83' lang='lat' dir='ltr'>familiariter</span> <span class='ocrx_word' id='word_1_206' title='bbox 876 2463 955 2518; x_wconf 90' lang='lat' dir='ltr'>inter</span> <span class='ocrx_word' id='word_1_207' title='bbox 975 2475 1006 2518; x_wconf 90' lang='lat' dir='ltr'>se</span> <span class='ocrx_word' id='word_1_208' title='bbox 1037 2456 1193 2517; x_wconf 90' lang='lat' dir='ltr'>collocutos</span> <span class='ocrx_word' id='word_1_209' title='bbox 1214 2471 1277 2514; x_wconf 87' lang='lat' dir='ltr'>esse</span> 
     </span>
    </p>

    <p class='ocr_par' dir='ltr' id='par_1_4' title="bbox 117 2554 1280 3235">
     <span class='ocr_line' id='line_1_24' title="bbox 117 2554 1279 2632; baseline -0.003 -16"><span class='ocrx_word' id='word_1_210' title='bbox 117 2557 233 2630; x_wconf 65' lang='lat' dir='ltr'>‚dicas3</span> <span class='ocrx_word' id='word_1_211' title='bbox 258 2559 309 2618; x_wconf 91' lang='lat' dir='ltr'>sed</span> <span class='ocrx_word' id='word_1_212' title='bbox 335 2562 459 2632; x_wconf 88' lang='lat' dir='ltr'>primum</span> <span class='ocrx_word' id='word_1_213' title='bbox 489 2559 597 2621; x_wconf 87' lang='lat' dir='ltr'>Fabius</span> <span class='ocrx_word' id='word_1_214' title='bbox 629 2561 788 2621; x_wconf 89' lang='lat' dir='ltr'>orationem</span> <span class='ocrx_word' id='word_1_215' title='bbox 819 2559 915 2630; x_wconf 87' lang='lat' dir='ltr'>habet,</span> <span class='ocrx_word' id='word_1_216' title='bbox 946 2557 1048 2629; x_wconf 84' lang='lat' dir='ltr'>deinde</span> <span class='ocrx_word' id='word_1_217' title='bbox 1074 2554 1190 2626; x_wconf 83' lang='lat' dir='ltr'>Paulus,</span> <span class='ocrx_word' id='word_1_218' title='bbox 1219 2560 1279 2613; x_wconf 90' lang='lat' dir='ltr'>tum</span> 
     </span>
     <span class='ocr_line' id='line_1_25' title="bbox 138 2654 1280 2732; baseline -0.004 -17"><span class='ocrx_word' id='word_1_219' title='bbox 138 2655 298 2717; x_wconf 86' lang='lat' dir='ltr'>discedunt.</span> <span class='ocrx_word' id='word_1_220' title='bbox 336 2659 432 2718; x_wconf 89' lang='lat' dir='ltr'>Unum</span> <span class='ocrx_word' id='word_1_221' title='bbox 455 2657 631 2732; x_wconf 65' lang='lat' dir='ltr'>addiderim*</span> <span class='ocrx_word' id='word_1_222' title='bbox 664 2676 721 2719; x_wconf 89' lang='lat' dir='ltr'>non</span> <span class='ocrx_word' id='word_1_223' title='bbox 753 2657 874 2718; x_wconf 86' lang='lat' dir='ltr'>eandem</span> <span class='ocrx_word' id='word_1_224' title='bbox 905 2654 991 2729; x_wconf 88' lang='lat' dir='ltr'>fidem</span> <span class='ocrx_word' id='word_1_225' title='bbox 1022 2654 1183 2714; x_wconf 86' lang='lat' dir='ltr'>habendam</span> <span class='ocrx_word' id='word_1_226' title='bbox 1217 2668 1280 2711; x_wconf 91' lang='lat' dir='ltr'>esse</span> 
     </span>
     <span class='ocr_line' id='line_1_26' title="bbox 127 2756 1278 2828; baseline -0.005 -12"><span class='ocrx_word' id='word_1_227' title='bbox 127 2756 316 2816; x_wconf 86' lang='lat' dir='ltr'>orationibus</span> <span class='ocrx_word' id='word_1_228' title='bbox 337 2760 415 2816; x_wconf 89' lang='lat' dir='ltr'>inter</span> <span class='ocrx_word' id='word_1_229' title='bbox 436 2762 632 2818; x_wconf 87' lang='lat' dir='ltr'>narrationem</span> <span class='ocrx_word' id='word_1_230' title='bbox 654 2759 806 2818; x_wconf 89' lang='lat' dir='ltr'>Livianam</span> <span class='ocrx_word' id='word_1_231' title='bbox 828 2758 944 2816; x_wconf 87' lang='lat' dir='ltr'>insertis</span> <span class='ocrx_word' id='word_1_232' title='bbox 965 2756 1071 2828; x_wconf 84' lang='lat' dir='ltr'>stipsi</span> <span class='ocrx_word' id='word_1_233' title='bbox 1092 2769 1189 2812; x_wconf 90' lang='lat' dir='ltr'>rerum</span> <span class='ocrx_word' id='word_1_234' title='bbox 1215 2767 1278 2825; x_wconf 79' lang='lat' dir='ltr'>ges-</span> 
     </span>
     <span class='ocr_line' id='line_1_27' title="bbox 135 2851 1280 2931; baseline -0.004 -17"><span class='ocrx_word' id='word_1_235' title='bbox 135 2859 232 2914; x_wconf 90' lang='lat' dir='ltr'>tarum</span> <span class='ocrx_word' id='word_1_236' title='bbox 253 2858 430 2931; x_wconf 89' lang='lat' dir='ltr'>narrationi;</span> <span class='ocrx_word' id='word_1_237' title='bbox 453 2876 520 2919; x_wconf 91' lang='lat' dir='ltr'>uam</span> <span class='ocrx_word' id='word_1_238' title='bbox 540 2859 687 2918; x_wconf 89' lang='lat' dir='ltr'>interdum</span> <span class='ocrx_word' id='word_1_239' title='bbox 707 2858 806 2916; x_wconf 90' lang='lat' dir='ltr'>Livius</span> <span class='ocrx_word' id='word_1_240' title='bbox 828 2857 958 2916; x_wconf 92' lang='lat' dir='ltr'>homines</span> <span class='ocrx_word' id='word_1_241' title='bbox 989 2855 1020 2913; x_wconf 93' lang='lat' dir='ltr'>in</span> <span class='ocrx_word' id='word_1_242' title='bbox 1041 2851 1217 2912; x_wconf 90' lang='lat' dir='ltr'>orationibus</span> <span class='ocrx_word' id='word_1_243' title='bbox 1245 2866 1280 2910; x_wconf 89' lang='lat' dir='ltr'>ea</span> 
     </span>
     <span class='ocr_line' id='line_1_28' title="bbox 136 2951 1279 3032; baseline -0.006 -18"><span class='ocrx_word' id='word_1_244' title='bbox 136 2955 264 3016; x_wconf 81' lang='lat' dir='ltr'>dicentes</span> <span class='ocrx_word' id='word_1_245' title='bbox 285 2956 361 3029; x_wconf 83' lang='lat' dir='ltr'>fecit,</span> <span class='ocrx_word' id='word_1_246' title='bbox 386 2975 458 3032; x_wconf 90' lang='lat' dir='ltr'>quae</span> <span class='ocrx_word' id='word_1_247' title='bbox 479 2960 542 3032; x_wconf 90' lang='lat' dir='ltr'>ipse</span> <span class='ocrx_word' id='word_1_248' title='bbox 563 2975 621 3019; x_wconf 90' lang='lat' dir='ltr'>non</span> <span class='ocrx_word' id='word_1_249' title='bbox 641 2976 711 3019; x_wconf 87' lang='lat' dir='ltr'>vera</span> <span class='ocrx_word' id='word_1_250' title='bbox 732 2974 794 3018; x_wconf 90' lang='lat' dir='ltr'>esse</span> <span class='ocrx_word' id='word_1_251' title='bbox 816 2955 998 3016; x_wconf 84' lang='lat' dir='ltr'>existimabat</span> <span class='ocrx_word' id='word_1_252' title='bbox 1022 2960 1072 3013; x_wconf 92' lang='lat' dir='ltr'>aut</span> <span class='ocrx_word' id='word_1_253' title='bbox 1087 2953 1122 3012; x_wconf 87' lang='lat' dir='ltr'>de</span> <span class='ocrx_word' id='word_1_254' title='bbox 1136 2951 1279 3012; x_wconf 91' lang='lat' dir='ltr'>industria</span> 
     </span>
     <span class='ocr_line' id='line_1_29' title="bbox 135 3049 1280 3131; baseline -0.003 -19"><span class='ocrx_word' id='word_1_255' title='bbox 135 3054 249 3116; x_wconf 89' lang='lat' dir='ltr'>silentio</span> <span class='ocrx_word' id='word_1_256' title='bbox 274 3060 474 3131; x_wconf 90' lang='lat' dir='ltr'>praeterierat.</span> <span class='ocrx_word' id='word_1_257' title='bbox 517 3058 603 3118; x_wconf 89' lang='lat' dir='ltr'>Velut</span> <span class='ocrx_word' id='word_1_258' title='bbox 627 3061 733 3120; x_wconf 89' lang='lat' dir='ltr'>Hanno</span> <span class='ocrx_word' id='word_1_259' title='bbox 767 3059 899 3117; x_wconf 86' lang='lat'><strong>21·3·4</strong></span> <span class='ocrx_word' id='word_1_260' title='bbox 929 3053 1142 3114; x_wconf 87' lang='lat' dir='ltr'>Hasdrubalem</span> <span class='ocrx_word' id='word_1_261' title='bbox 1179 3049 1280 3110; x_wconf 87' lang='lat' dir='ltr'>florem</span> 
     </span>
     <span class='ocr_line' id='line_1_30' title="bbox 135 3151 1279 3235; baseline -0.005 -21"><span class='ocrx_word' id='word_1_262' title='bbox 135 3158 239 3217; x_wconf 87' lang='lat' dir='ltr'>aetatis</span> <span class='ocrx_word' id='word_1_263' title='bbox 259 3159 418 3220; x_wconf 87' lang='lat' dir='ltr'>Hamilcari</span> <span class='ocrx_word' id='word_1_264' title='bbox 438 3157 588 3220; x_wconf 80' lang='lat' dir='ltr'>huardum</span> <span class='ocrx_word' id='word_1_265' title='bbox 614 3159 783 3235; x_wconf 88' lang='lat' dir='ltr'>praebuisse</span> <span class='ocrx_word' id='word_1_266' title='bbox 812 3158 864 3223; x_wconf 90' lang='lat' dir='ltr'>ait,</span> <span class='ocrx_word' id='word_1_267' title='bbox 895 3170 1057 3230; x_wconf 88' lang='lat' dir='ltr'>quanquam</span> <span class='ocrx_word' id='word_1_268' title='bbox 1088 3151 1188 3213; x_wconf 92' lang='lat' dir='ltr'>Livius</span> <span class='ocrx_word' id='word_1_269' title='bbox 1216 3153 1279 3224; x_wconf 88' lang='lat' dir='ltr'>ipse</span> 
     </span>
    </p>
   </div>
   <div class='ocr_carea' id='block_1_3' title="bbox 135 3361 382 3375">
    <p class='ocr_par' dir='ltr' id='par_1_5' title="bbox 135 3361 382 3375">
     <span class='ocr_line' id='line_1_31' title="bbox 135 3361 382 3375; baseline -0.004 -4"><span class='ocrx_word' id='word_1_270' title='bbox 135 3361 382 3375; x_wconf 56' lang='lat' dir='ltr'>-v-——u-——o———q</span> 
     </span>
    </p>
   </div>
   <div class='ocr_carea' id='block_1_4' title="bbox 118 3500 1281 4089">
    <p class='ocr_par' dir='ltr' id='par_1_6' title="bbox 118 3500 1281 4089">
     <span class='ocr_line' id='line_1_32' title="bbox 205 3500 742 3574; baseline 0.004 -20"><span class='ocrx_word' id='word_1_271' title='bbox 205 3500 225 3570; x_wconf 87' lang='lat'>¹)</span> <span class='ocrx_word' id='word_1_272' title='bbox 243 3505 316 3556; x_wconf 82' lang='lat' dir='ltr'>Brut.</span> <span class='ocrx_word' id='word_1_273' title='bbox 336 3506 435 3567; x_wconf 78' lang='lat'>11‚42;</span> <span class='ocrx_word' id='word_1_274' title='bbox 455 3507 488 3556; x_wconf 83' lang='lat' dir='ltr'>cf.</span> <span class='ocrx_word' id='word_1_275' title='bbox 508 3505 540 3556; x_wconf 90' lang='lat' dir='ltr'>do</span> <span class='ocrx_word' id='word_1_276' title='bbox 557 3507 611 3574; x_wconf 83' lang='lat' dir='ltr'>leg.</span> <span class='ocrx_word' id='word_1_277' title='bbox 631 3505 742 3557; x_wconf 78' lang='lat'><strong>1·2·5.</strong></span> 
     </span>
     <span class='ocr_line' id='line_1_33' title="bbox 204 3577 1278 3658; baseline -0.008 -16"><span class='ocrx_word' id='word_1_278' title='bbox 204 3587 224 3656; x_wconf 77' lang='lat'>⁹)</span> <span class='ocrx_word' id='word_1_279' title='bbox 245 3592 540 3644; x_wconf 79' lang='lat' dir='ltr'>10·1·31:historia</span> <span class='ocrx_word' id='word_1_280' title='bbox 567 3599 607 3644; x_wconf 90' lang='lat' dir='ltr'>est</span> <span class='ocrx_word' id='word_1_281' title='bbox 633 3592 753 3658; x_wconf 85' lang='lat' dir='ltr'>proxima</span> <span class='ocrx_word' id='word_1_282' title='bbox 778 3591 866 3655; x_wconf 72' lang='lat' dir='ltr'>poetis</span> <span class='ocrx_word' id='word_1_283' title='bbox 893 3595 920 3639; x_wconf 88' lang='lat' dir='ltr'>et</span> <span class='ocrx_word' id='word_1_284' title='bbox 947 3577 1140 3653; x_wconf 85' lang='lat' dir='ltr'>quodammodo</span> <span class='ocrx_word' id='word_1_285' title='bbox 1172 3599 1278 3635; x_wconf 86' lang='lat' dir='ltr'>carmen</span> 
     </span>
     <span class='ocr_line' id='line_1_34' title="bbox 134 3676 993 3743; baseline -0.005 -15"><span class='ocrx_word' id='word_1_286' title='bbox 134 3676 249 3728; x_wconf 82' lang='lat' dir='ltr'>solutum</span> <span class='ocrx_word' id='word_1_287' title='bbox 268 3684 295 3727; x_wconf 88' lang='lat' dir='ltr'>et</span> <span class='ocrx_word' id='word_1_288' title='bbox 312 3679 440 3729; x_wconf 89' lang='lat' dir='ltr'>scribitur</span> <span class='ocrx_word' id='word_1_289' title='bbox 458 3678 492 3730; x_wconf 82' lang='lat' dir='ltr'>ad</span> <span class='ocrx_word' id='word_1_290' title='bbox 509 3679 677 3740; x_wconf 85' lang='lat' dir='ltr'>narrandum,</span> <span class='ocrx_word' id='word_1_291' title='bbox 695 3693 748 3728; x_wconf 88' lang='lat' dir='ltr'>non</span> <span class='ocrx_word' id='word_1_292' title='bbox 768 3676 801 3726; x_wconf 87' lang='lat' dir='ltr'>ad</span> <span class='ocrx_word' id='word_1_293' title='bbox 820 3676 993 3743; x_wconf 86' lang='lat' dir='ltr'>probandum.</span> 
     </span>
     <span class='ocr_line' id='line_1_35' title="bbox 141 3758 1279 3832; baseline -0.007 -16"><span class='ocrx_word' id='word_1_294' title='bbox 141 3769 142 3773; x_wconf 76' lang='grc'>’</span> <span class='ocrx_word' id='word_1_295' title='bbox 203 3760 224 3830; x_wconf 77' lang='lat'>³)</span> <span class='ocrx_word' id='word_1_296' title='bbox 246 3764 285 3815; x_wconf 80' lang='lat' dir='ltr'>Cf.</span> <span class='ocrx_word' id='word_1_297' title='bbox 303 3764 443 3815; x_wconf 84' lang='lat' dir='ltr'>Boettcher</span> <span class='ocrx_word' id='word_1_298' title='bbox 461 3781 486 3831; x_wconf 91' lang='lat' dir='ltr'>p.</span> <span class='ocrx_word' id='word_1_299' title='bbox 507 3767 570 3816; x_wconf 76' lang='lat'><strong>362:</strong></span> <span class='ocrx_word' id='word_1_300' title='bbox 597 3765 754 3832; x_wconf 81' lang='lat' dir='ltr'>„bisvveilen</span> <span class='ocrx_word' id='word_1_301' title='bbox 778 3762 845 3813; x_wconf 90' lang='lat' dir='ltr'>vvird</span> <span class='ocrx_word' id='word_1_302' title='bbox 868 3766 910 3812; x_wconf 87' lang='lat' dir='ltr'>ein</span> <span class='ocrx_word' id='word_1_303' title='bbox 930 3767 986 3812; x_wconf 80' lang='lat' dir='ltr'>satu</span> <span class='ocrx_word' id='word_1_304' title='bbox 1010 3776 1057 3810; x_wconf 86' lang='lat' dir='ltr'>aus</span> <span class='ocrx_word' id='word_1_305' title='bbox 1082 3761 1129 3810; x_wconf 90' lang='lat' dir='ltr'>der</span> <span class='ocrx_word' id='word_1_306' title='bbox 1153 3758 1279 3825; x_wconf 83' lang='lat' dir='ltr'>gewbhn·</span> 
     </span>
     <span class='ocr_line' id='line_1_36' title="bbox 132 3844 1280 3916; baseline -0.005 -17"><span class='ocrx_word' id='word_1_307' title='bbox 132 3848 222 3901; x_wconf 84' lang='lat' dir='ltr'>lichen</span> <span class='ocrx_word' id='word_1_308' title='bbox 244 3849 389 3916; x_wconf 74' lang='lat' dir='ltr'>eruthlung</span> <span class='ocrx_word' id='word_1_309' title='bbox 411 3849 439 3898; x_wconf 89' lang='lat' dir='ltr'>in</span> <span class='ocrx_word' id='word_1_310' title='bbox 463 3849 505 3900; x_wconf 91' lang='lat' dir='ltr'>die</span> <span class='ocrx_word' id='word_1_311' title='bbox 526 3851 591 3901; x_wconf 80' lang='lat' dir='ltr'>form</span> <span class='ocrx_word' id='word_1_312' title='bbox 616 3851 662 3901; x_wconf 88' lang='lat' dir='ltr'>der</span> <span class='ocrx_word' id='word_1_313' title='bbox 686 3850 748 3915; x_wconf 76' lang='lat' dir='ltr'>rede</span> <span class='ocrx_word' id='word_1_314' title='bbox 776 3848 969 3916; x_wconf 77' lang='lat' dir='ltr'>umgevrsndelt</span> <span class='ocrx_word' id='word_1_315' title='bbox 995 3846 1059 3898; x_wconf 89' lang='lat' dir='ltr'>oder</span> <span class='ocrx_word' id='word_1_316' title='bbox 1084 3845 1127 3896; x_wconf 91' lang='lat' dir='ltr'>die</span> <span class='ocrx_word' id='word_1_317' title='bbox 1151 3844 1280 3896; x_wconf 89' lang='lat' dir='ltr'>indirecte</span> 
     </span>
     <span class='ocr_line' id='line_1_37' title="bbox 133 3931 1280 4003; baseline -0.007 -16"><span class='ocrx_word' id='word_1_318' title='bbox 133 3934 265 3989; x_wconf 82' lang='lat' dir='ltr'>redelorm</span> <span class='ocrx_word' id='word_1_319' title='bbox 278 3937 306 3987; x_wconf 90' lang='lat' dir='ltr'>in</span> <span class='ocrx_word' id='word_1_320' title='bbox 320 3936 364 3987; x_wconf 91' lang='lat' dir='ltr'>die</span> <span class='ocrx_word' id='word_1_321' title='bbox 377 3935 487 4003; x_wconf 88' lang='lat' dir='ltr'>directe;</span> <span class='ocrx_word' id='word_1_322' title='bbox 501 3937 666 3988; x_wconf 84' lang='lat' dir='ltr'>&#39;numentlieh</span> <span class='ocrx_word' id='word_1_323' title='bbox 679 3941 764 3987; x_wconf 86' lang='lat' dir='ltr'>treten</span> <span class='ocrx_word' id='word_1_324' title='bbox 778 3936 851 3986; x_wconf 82' lang='lat' dir='ltr'>diere</span> <span class='ocrx_word' id='word_1_325' title='bbox 862 3934 1041 3985; x_wconf 85' lang='lat' dir='ltr'>rhetoriscben</span> <span class='ocrx_word' id='word_1_326' title='bbox 1055 3931 1280 3997; x_wconf 75' lang='lat' dir='ltr'>verendarungen</span> 
     </span>
     <span class='ocr_line' id='line_1_38' title="bbox 118 4015 1281 4089; baseline -0.005 -18"><span class='ocrx_word' id='word_1_327' title='bbox 118 4022 160 4072; x_wconf 81' lang='lat' dir='ltr'>¹in</span> <span class='ocrx_word' id='word_1_328' title='bbox 178 4020 229 4072; x_wconf 84' lang='lat' dir='ltr'>den</span> <span class='ocrx_word' id='word_1_329' title='bbox 247 4021 371 4072; x_wconf 83' lang='lat' dir='ltr'>kleiuern</span> <span class='ocrx_word' id='word_1_330' title='bbox 388 4021 443 4072; x_wconf 88' lang='lat' dir='ltr'>und</span> <span class='ocrx_word' id='word_1_331' title='bbox 461 4026 584 4089; x_wconf 71' lang='lat' dir='ltr'>grossam</span> <span class='ocrx_word' id='word_1_332' title='bbox 595 4022 678 4074; x_wconf 84' lang='lat' dir='ltr'>reden</span> <span class='ocrx_word' id='word_1_333' title='bbox 696 4023 806 4083; x_wconf 64' lang='lat' dir='ltr'>herren</span> <span class='ocrx_word' id='word_1_334' title='bbox 825 4024 862 4073; x_wconf 90' lang='lat' dir='ltr'>im</span> <span class='ocrx_word' id='word_1_335' title='bbox 875 4037 977 4089; x_wconf 80' lang='lat' dir='ltr'>genuen</span> <span class='ocrx_word' id='word_1_336' title='bbox 990 4021 1038 4072; x_wconf 82' lang='lat' dir='ltr'>hut</span> <span class='ocrx_word' id='word_1_337' title='bbox 1049 4018 1141 4072; x_wconf 86' lang='lat' dir='ltr'>Livius</span> <span class='ocrx_word' id='word_1_338' title='bbox 1152 4018 1181 4070; x_wconf 88' lang='lat' dir='ltr'>in</span> <span class='ocrx_word' id='word_1_339' title='bbox 1194 4015 1281 4067; x_wconf 85' lang='lat' dir='ltr'>dieser</span> 
     </span>
    </p>
   </div>
   <div class='ocr_carea' id='block_1_5' title="bbox 134 4104 998 4262">
    <p class='ocr_par' dir='ltr' id='par_1_7' title="bbox 134 4104 998 4262">
     <span class='ocr_line' id='line_1_39' title="bbox 134 4104 844 4174; baseline -0.003 -14"><span class='ocrx_word' id='word_1_340' title='bbox 134 4107 286 4174; x_wconf 78' lang='lat' dir='ltr'>beziebuug</span> <span class='ocrx_word' id='word_1_341' title='bbox 304 4104 354 4160; x_wconf 85' lang='lat' dir='ltr'>den</span> <span class='ocrx_word' id='word_1_342' title='bbox 373 4106 500 4174; x_wconf 87' lang='lat' dir='ltr'>Polybius</span> <span class='ocrx_word' id='word_1_343' title='bbox 517 4108 668 4160; x_wconf 87' lang='lat' dir='ltr'>bedentend</span> <span class='ocrx_word' id='word_1_344' title='bbox 687 4109 844 4159; x_wconf 82' lang='lat' dir='ltr'>ervveitert.“</span> 
     </span>
     <span class='ocr_line' id='line_1_40' title="bbox 206 4191 998 4262; baseline -0.003 -16"><span class='ocrx_word' id='word_1_345' title='bbox 206 4191 228 4262; x_wconf 76' lang='lat'>⁴)</span> <span class='ocrx_word' id='word_1_346' title='bbox 248 4194 322 4246; x_wconf 83' lang='lat' dir='ltr'>Cerri.</span> <span class='ocrx_word' id='word_1_347' title='bbox 342 4195 455 4246; x_wconf 79' lang='lat' dir='ltr'>Teuffeli</span> <span class='ocrx_word' id='word_1_348' title='bbox 472 4195 533 4248; x_wconf 88' lang='lat' dir='ltr'>hist.</span> <span class='ocrx_word' id='word_1_349' title='bbox 552 4194 694 4249; x_wconf 79' lang='lat' dir='ltr'>ritc&#39;rtom.</span> <span class='ocrx_word' id='word_1_350' title='bbox 714 4192 755 4246; x_wconf 85' lang='lat' dir='ltr'>ed.</span> <span class='ocrx_word' id='word_1_351' title='bbox 774 4198 831 4246; x_wconf 84' lang='lat' dir='ltr'>tert.</span> <span class='ocrx_word' id='word_1_352' title='bbox 851 4193 874 4254; x_wconf 69' lang='grc' dir='ltr'>ξ.</span> <span class='ocrx_word' id='word_1_353' title='bbox 895 4192 998 4245; x_wconf 79' lang='lat' dir='ltr'>ato-4.</span> 
     </span>
    </p>
   </div>
   <div class='ocr_carea' id='block_1_6' title="bbox 0 0 1358 4628">
    <p class='ocr_par' dir='ltr' id='par_1_8' title="bbox 0 0 1358 4628">
     <span class='ocr_line' id='line_1_41' title="bbox 0 0 1358 4628; baseline 0 1"><span class='ocrx_word' id='word_1_354' title='bbox 0 0 1358 4628; x_wconf 95' lang='lat' dir='ltr'> </span> 
     </span>
    </p>
   </div>
  </div>
 </body>
</html>
