2708 4628
675 166 694 222 8

609 247 758 256 ----—---

198 366 266 426 Tor.
290 363 388 424 Germ.
411 365 451 422 28
468 385 474 423 :
491 365 664 441 „validiores
686 363 755 423 olim
778 364 925 425 Gallorum
946 381 994 425 res
1015 363 1105 425 fuisse
1133 380 1259 423 summus

116 472 217 526 auctor
239 465 317 525 divus
338 465 427 524 Iulius
448 463 567 532 trodit“,
589 465 693 538 quibus
714 466 808 525 verbis
829 467 948 540 respicit
969 464 1053 524 Osos.
1068 464 1096 525 b.
1109 482 1136 538 g.
1157 465 1252 521 6·24:

114 583 170 640 „ao
190 564 245 624 luit
265 570 352 625 antee.
372 570 494 639 tempus,
517 582 582 626 oum
604 564 765 624 Germanos
786 567 863 627 Gelli
884 568 991 626 virtute
1013 564 1222 639 superarent“;

194 666 270 724 Plut.
283 666 368 739 Apes.
394 668 428 723 4:
446 651 515 723 ὂ-ὃέ
531 677 631 746 φησιν
646 656 664 722 ὁ
677 653 844 748 Ξενοφῶν,
867 652 920 725 ὅτι
942 652 1051 724 πάντα
1065 660 1104 742 τῇ
1118 658 1259 741 πατρίδι

111 751 315 839 πειθόμενος
332 763 428 836 ὶόχνε
443 759 604 836 πλεῖστον,
627 752 711 826 ὥστε
733 770 840 824 ποιεῖν
862 752 881 825 ὅ
901 753 1072 844 βούλοιτο,
1103 782 1176 838 qnae
1197 782 1259 824 ms·

111 869 217 922 nerunt
246 882 282 922 ex
310 866 386 925 Xen.
407 864 463 939 Ag.
486 868 514 927 7.
538 867 573 925 2:
618 851 671 924 ὅτι
705 856 943 933 δυνατώτατος
975 853 1019 926 ὢν
1048 865 1081 924 ἐν
1104 862 1144 944 τῇ
1166 852 1258 923 πόλει

112 949 319 1045 mausolieis
338 951 484 1039 μάλιστα
508 969 581 1032 τοῖς
603 955 718 1040 νόμοις
740 954 917 1045 λατρεύων.
934 962 957 1043 ¹)
980 972 1035 1026 eto.
1058 972 1114 1025 eto.

194 1065 296 1137 Imque
318 1066 415 1138 opinio
438 1082 547 1139 eorum,
570 1068 618 1139 qui
640 1066 754 1125 Livium
773 1065 896 1138 Polybio
917 1067 947 1126 in
968 1066 1018 1126 lib.
1040 1067 1112 1126 XXI
1128 1069 1157 1123 et
1172 1064 1259 1124 XXII

112 1170 230 1224 auctore
244 1154 341 1223 'usum
362 1182 420 1224 non
449 1182 512 1224 esse
537 1183 573 1224 ex
602 1183 636 1224 eo
668 1167 881 1234 concluserunt,
913 1167 989 1239 quod
1018 1183 1076 1224 non
1103 1163 1260 1223 verbnme

112 1263 200 1323 verbo
222 1266 406 1336 expresserit,
429 1266 498 1324 mihi
520 1282 622 1338 perum
644 1264 794 1338 probetur.

197 1364 368 1438 Saepissime
383 1381 452 1424 vero
467 1367 623 1437 scriptores
635 1370 756 1437 veteres,
778 1382 842 1424 oum
864 1378 959 1424 seres
982 1381 1017 1423 ex
1039 1367 1157 1423 auctore
1179 1366 1260 1421 certo

113 1474 163 1522 aut
195 1465 306 1524 incerto
337 1466 476 1538 petivisse
504 1471 738 1533 commemorent,
769 1482 835 1524 enm
867 1469 964 1524 tamen
1004 1480 1062 1522 non
1102 1463 1260 1528 nominant,

113 1565 192 1623 velut

203 1663 266 1723 Liv.
291 1667 412 1723 ule-9
434 1659 575 1738 (Servium
598 1665 748 1738 imperium
770 1666 915 1737 deponere
936 1664 967 1723 in
989 1663 1086 1722 animo
1111 1657 1259 1732 hahuisse)

113 1755 244 1840 quidam
266 1770 406 1820 amotores
426 1770 514 1834 summ

197 1863 259 1920 Liv.
292 1866 328 1920 2·
344 1864 380 1921 32
394 1865 433 1921 ·3
462 1879 497 1921 ea
526 1853 728 1940 frequentior
759 1854 851 1934 famia
888 1867 932 1918 esi
964 1876 1048 1934 quom
1081 1860 1162 1918 ouius
1191 1857 1260 1917 Piso

114 1943 214 2021 suntor
237 1966 295 2032 est3

202 2062 267 2119 Liv.
292 2061 438 2119 teet
472 2061 610 2120 bellatum
636 2078 700 2119 oum
723 2062 813 2122 Gallis
842 2077 877 2120 eo
906 2075 981 2120 auno
1012 2060 1089 2118 ciroo
1119 2057 1260 2117 Amorem

113 2159 219 2219 flumen
240 2166 342 2220 sueton·
360 2165 403 2220 est
416 2161 552 2220 Claudius
574 2203 581 2218 .
605 2201 612 2218 .
635 2206 642 2220 .
662 2156 808 2240 plumbus
823 2155 998 2220 auctoribus
1021 2158 1112 2231 magis
1133 2156 1261 2216 adducor

115 2266 148 2320 ut
172 2260 287 2320 credam
310 2260 408 2321 decem
428 2261 504 2320 haud
517 2262 610 2320 minus
631 2269 696 2336 post
717 2279 806 2323 annos
827 2278 862 2322 ee
884 2264 959 2320 aeta.
982 2263 1037 2317 eto.
1059 2261 1113 2315 eto.

200 2361 302 2435 Itaque
327 2362 351 2420 si
372 2363 402 2421 in
424 2362 498 2421 Livii
517 2362 599 2422 libris
619 2364 691 2423 XXI
707 2370 736 2424 et
756 2363 842 2422 XXII
864 2362 971 2421 similes
983 2362 1041 2421 looi
1061 2359 1144 2420 nobis
1160 2373 1260 2419 ooour·

118 2468 196 2531 runt,
226 2462 273 2535 qni
309 2464 338 2521 in
378 2463 539 2522 universum
569 2464 682 2537 quidem
715 2481 780 2524 eom
808 2461 929 2536 Polybio
962 2464 1125 2532 concinunt,
1154 2459 1260 2518 nullom

55 2616 65 2641 x
119 2563 202 2623 video
233 2579 358 2634 censam,
381 2579 431 2622 eur
453 2579 501 2622 eos
522 2580 557 2622 ex
577 2563 698 2635 Polybio
719 2565 837 2623 haustos
859 2576 924 2621 esse
943 2577 1091 2636 negemus,
1112 2560 1189 2619 uelut

200 2662 262 2720 Liv.
286 2665 343 2720 21·
361 2666 375 2719 1
394 2666 434 2720 -4
455 2663 534 2724 fame
547 2668 592 2722 est
606 2664 692 2722 etiam
704 2657 730 2739 ²)
749 2660 941 2721 Hannibalem
964 2701 972 2719 .
996 2703 1003 2718 .
1027 2702 1034 2718 .
1056 2661 1119 2719 iure
1140 2658 1262 2719 iurando

120 2761 254 2821 edentum
277 2754 463 2835 (qmbus'eum
484 2761 558 2822 conf.
581 2762 642 2822 Pol.
666 2762 687 2820 l.
710 2765 736 2820 3.
757 2779 781 2820 o.
809 2758 878 2832 11);

179 2865 217 2921 21
235 2895 240 2908 ·
256 2864 316 2920 28·
335 2863 352 2919 6
375 2868 502 2922 ceterum
524 2863 615 2936 magis
657 2865 771 2922 constat
794 2851 989 2938 (elephantos)
1004 2857 1114 2917 retibus
1127 2857 1264 2916 traiectos

118 2961 170 3035 (ol.
191 2961 254 3022 Pol.
278 2965 295 3021 3
319 2978 381 3035 oap.
401 2958 473 3037 46);

182 3065 238 3122 21·
254 3063 293 3121 38
307 3066 344 3121 -3
366 3062 430 3121 Hoo
451 3062 574 3121 maxime
595 3061 679 3123 modo
700 3064 731 3120 in
753 3062 866 3121 Italiam
887 3065 1056 3135 perventum
1077 3064 1129 3130 est,
1162 3059 1262 3129 quinto

5 3150 8 3161 ’
117 3179 214 3222 mense
237 3178 254 3220 a
276 3162 452 3236 Carthagine
464 3179 547 3238 nova,
559 3168 591 3221 nt
604 3163 719 3237 quidam
731 3168 864 3221 auctores
883 3167 948 3221 sunt
959 3157 1007 3234 (oi.
1018 3159 1081 3219 Pol.
1097 3160 1114 3216 3
1127 3194 1133 3207 ·
1148 3159 1187 3218 56
1201 3194 1207 3206 ·
1221 3157 1261 3231 3).

203 3262 313 3322 Cereus
347 3264 443 3336 igitur,
478 3280 516 3322 ne
537 3263 573 3322 de
595 3264 768 3335 auctoribus,
791 3280 912 3336 qnorum
933 3261 1009 3337 apud
1020 3259 1133 3319 Livium
1154 3260 1264 3318 mentio

116 3364 197 3424 faeta
219 3368 349 3422 autnon
372 3361 449 3422 idota
472 3370 523 3432 est,
546 3370 662 3424 nostrae
683 3366 788 3424 aetatis
810 3379 890 3423 more
912 3363 1045 3422 inductus
1060 3359 1134 3420 falso
1148 3360 1265 3419 indices.

200 3462 242 3521 Ut
264 3479 333 3522 vero
359 3463 503 3523 historicis
524 3464 661 3524 Romanis
682 3464 711 3522 in
733 3463 903 3524 adhibendis
927 3479 1025 3522 eorum
1049 3459 1141 3532 libris,
1162 3459 1264 3533 quibus

192 3750 212 3819 ¹)
232 3753 272 3804 ef.
293 3753 427 3818 Buengeri
445 3753 643 3819 Theopompee‚
663 3751 832 3819 Argentoreti
852 3749 927 3815 18⁷4,
945 3763 971 3812 p.
991 3746 1031 3795 13.

189 3839 210 3906 ²)
228 3839 357 3891 Nonnulli
383 3840 528 3904 viriduno,
554 3841 582 3890 in
607 3840 651 3890 his
662 3837 803 3889 Boettcher
821 3831 941 3902 (ppos),
954 3831 1062 3881 Livium
1073 3829 1162 3881 verbis
1176 3830 1267 3892 ,damn

120 3929 176 3980 est“
202 3927 323 3977 indicere
346 3931 441 3991 putant
463 3941 491 3977 se
515 3927 585 3976 hano
603 3940 659 3976 rem
682 3921 775 3973 auditu
798 3921 931 3986 eooepisse
955 3932 1042 3983 neque
1067 3921 1138 3968 certo
1163 3917 1267 3967 auctori

118 4015 223 4078 debere,
247 4011 293 4065 sed
312 4012 381 4063 huno
403 4014 459 4063 vim
476 4028 529 4062 non
552 4024 656 4075 semper
683 4007 812 4059 vocabulo
830 4008 916 4057 famae
941 4006 1027 4056 inesse
1051 4003 1215 4071 intellegitur
1234 4019 1267 4053 ex

119 4103 177 4153 ltiv.
195 4102 322 4162 21323,
346 4114 425 4164 quem
449 4099 538 4150 looum
563 4112 644 4162 supro
669 4095 804 4162 oxsotipsi.
841 4094 881 4145 Oi.
900 4092 1038 4146 Woelfflin
1056 4090 1091 4143 ed
1117 4094 1175 4142 liv.
1193 4091 1267 4144 XXI.

121 4194 179 4238 1·e
198 4195 225 4237 et
245 4189 331 4238 22·6.
