2708 4628
477 220 481 231 .
584 218 587 223 .
663 188 716 272 33—
786 214 794 226 ,

106 387 266 456 Cartalam,
291 384 427 457 Polybius
444 372 570 458 (13·5)
591 377 764 444 Ἀλθαίαν
798 386 894 460 (codd.
921 379 1083 459 Ἁλθιάα)
1117 390 1254 461 appellat,

104 504 170 546 eam
191 485 395 558 neglegentiae
416 486 474 542 sive
495 485 585 556 ipsius
606 484 680 542 Livii
702 487 761 544 sive
783 485 968 545 librariorum
990 487 1089 546 deberi
1109 489 1252 547 existimo.

105 586 179 645 Cum
199 585 342 643 Hiberum
371 584 498 641 transire
519 583 680 658 Hannibali
708 603 760 659 per
787 584 887 645 foedus
917 587 1108 646 Hasdrubalis
1137 604 1197 646 non
1217 589 1253 646 li·

104 688 219 759 auisset,
241 685 341 742 Livius
363 679 402 756 (ξ.
426 681 457 757 3)
479 689 558 741 recte
581 683 732 755 intellexit,
763 685 842 742 illam
870 669 988 758 gentem
1009 693 1090 745 trans
1111 685 1254 746 Hiberum

53 846 60 858 ,
103 786 202 844 fuisse.
246 783 403 842 Praeterea
433 784 554 841 aLivio
585 784 685 842 addita
707 789 775 842 suut
796 801 840 851 ea,
870 801 944 857 quae
968 786 1004 844 ad
1026 786 1165 858 praedam
1186 802 1252 857 per-

103 888 200 945 tinent
230 876 269 958 (§.
292 885 310 938 4
332 883 441 956 diripit,
473 883 625 954 opulentus
646 883 766 955 praeda,
798 881 823 956 ἓ.
848 883 864 939 5
888 884 969 957 large
990 885 1145 957 partiendo
1166 902 1251 958 prae-

104 985 181 1054 dam,
205 979 231 1056 ἕ.
255 985 274 1040 8
297 999 399 1055 agmen
418 998 508 1054 grave
530 979 661 1054 praeda),
685 999 736 1042 nec
758 983 852 1039 minus
875 980 902 1055 ξ.
929 986 966 1040 12
990 985 1114 1042 clamore
1130 984 1252 1056 sublato,

104 1081 130 1155 ἓ.
157 1085 175 1140 9
198 1082 300 1140 castris
323 1098 409 1152 super
429 1081 523 1151 ripam
545 1083 654 1153 positia,
679 1079 705 1154 ξ.
732 1084 767 1140 16
790 1083 904 1154 agmine
925 1083 1080 1155 quadratu.
1124 1083 1170 1140 Ex
1192 1082 1252 1158 §.9

107 1181 201 1249 „vallo
231 1182 273 1238 ita
313 1177 474 1252 producto“
509 1184 631 1252 apparet
649 1180 765 1238 Livium
785 1179 874 1239 verba
899 1169 1093 1258 „npdsslpuu
1113 1195 1253 1253 ποιησα-

105 1278 208 1356 μέαοα
238 1266 296 1337 adu
322 1266 439 1353 Tdyou
472 1266 639 1352 nordeum
674 1277 787 1351 (14·5)
825 1298 884 1340 non
915 1286 995 1339 recte
1027 1282 1203 1340 intellexisse
1217 1280 1252 1357 ¹).

104 1380 239 1451 Denique
259 1379 360 1436 Livius
389 1376 414 1452 ἓ.
439 1380 456 1435 5
481 1380 578 1451 ᾖταῖς
602 1365 791 1454 douducoffl,
818 1380 894 1452 quod
915 1382 1022 1454 legitur
1047 1383 1134 1446 13·8,
1163 1378 1255 1439 libere

103 1482 192 1540 vertlt
214 1481 345 1552 „cunctis
369 1479 470 1536 civium
492 1479 689 1550 sociorumque
714 1479 845 1535 animis“.

193 1580 409 1638 XXI·21—23
433 1579 534 1636 Livius
568 1580 668 1636 eudem
700 1575 762 1635 fere
795 1578 830 1636 de
848 1580 952 1651 ¹copiis
981 1578 1016 1637 ab
1039 1578 1203 1636 Hannibale
1224 1578 1254 1634 in

104 1677 239 1736 Africam
266 1679 360 1736 missis
391 1683 420 1736 et
451 1680 480 1735 in
505 1677 647 1748 Hispania
668 1679 775 1735 relictis
800 1683 828 1736 et
851 1680 886 1736 de
907 1680 1011 1736 itinere
1034 1676 1195 1737 Poenorum
1218 1679 1255 1735 ad
1319 1700 1327 1713 ²

105 1764 411 1850 Pyrenaeosmoutes
432 1776 510 1835 facto
532 1778 631 1848 tradit,
655 1792 728 1849 quae
751 1777 825 1848 apud
847 1761 999 1848 Polybium
1028 1777 1190 1834 eene-35
1213 1779 1255 1834 le·

103 1883 230 1949 guntur3
264 1876 385 1935 inseruit
415 1882 512 1935 tamen
542 1893 576 1934 ex
605 1878 698 1935 altero
721 1883 839 1934 auctore
861 1876 1054 1934 Hannibalem
1077 1875 1166 1935 Gadis
1187 1892 1254 1948 pro·

104 1978 215 2035 fectum
237 1991 300 2034 esse
309 1967 352 2048 ²),
373 1977 404 2033 in
426 1978 537 2034 somnio
553 1975 589 2034 ab
606 1994 641 2034 eo
656 1979 746 2034 visum
762 1992 823 2034 esse
838 1976 938 2034 ducem
954 1976 989 2033 ab
1004 1975 1076 2034 Jove
1090 1969 1252 2047 missum³),

106 2076 287 2148 Carpetanos
309 2077 366 2133 iter
387 2078 536 2135 avertisse.

191 2176 325 2233 XXI-25
360 2177 492 2233 narratio
526 2175 561 2233 de
582 2176 721 2235 Boiorum
753 2176 969 2248 Insubriumque
1002 2176 1125 2233 tumultu
1145 2175 1255 2233 maiore

106 2291 150 2331 ex
170 2280 253 2346 parte
274 2271 316 2332 'ex
338 2272 400 2331 Pol.
431 2278 596 2333 8-40-41
621 2276 726 2335 hausta
747 2280 799 2344 est,
832 2292 993 2346 quanquam
1021 2276 1117 2336 multis
1140 2275 1255 2333 aliunde

105 2375 289 2445 intermixtis,
312 2376 485 2446 praesertim
507 2376 671 2434 nominibus
692 2378 906 2434 triumvirorum
928 2381 958 2434 et
980 2377 1105 2432 numeris
1120 2371 1255 2450 {militum

103 2472 274 2531 occisorum.
326 2474 429 2532 Verbis
464 2491 534 2541 „neo
565 2481 625 2533 tam
659 2477 694 2534 ob
727 2481 838 2534 veteres
869 2477 899 2532 in
927 2475 1063 2547 pupulum
1091 2473 1253 2532 Romanum

106 2566 188 2630 ires“
210 2569 249 2646 (ἓ.
262 2573 295 2639 2)
308 2574 407 2631 Livius
430 2579 531 2645 aperte
553 2581 663 2647 pugnat
687 2581 788 2634 contra
803 2575 866 2633 Pol.
890 2577 1014 2633 aso-6
1039 2560 1162 2647 ,uetur
1178 2564 1252 2630 οἷον
1346 2636 1348 2640 Α

104 2668 277 2742 λοχῶντες
300 2663 356 2744 τήν
378 2659 461 2749 πρὸς
483 2666 666 2748 Ῥωμαίους
689 2671 837 2757 φιλίααίι.

187 2771 272 2830 ΧΧΙ·
285 2774 324 2830 26
349 2770 385 2844 (5.
411 2768 488 2848 3)-
511 2775 559 2832 30.
597 2775 677 2845 Quae
698 2775 795 2833 Livius
817 2775 908 2833 tradit
924 2774 960 2832 de
975 2773 1114 2831 Romanis
1130 2775 1250 2832 Poenis·

105 2886 162 2944 que
185 2872 222 2929 ad
245 2871 417 2930 Rhodanum
439 2873 627 2944 versantibus,
650 2874 786 2946 pleraque
807 2892 842 2933 ex
864 2875 926 2932 Pol.
948 2890 1009 2946 cap.
1034 2873 1156 2928 41—45
1179 2873 1252 2946 peti·

103 2971 157 3030 vit.
199 2971 286 3042 Apud
301 2969 450 3044 Polybium
468 2990 525 3031 non
541 2972 725 3030 inueniuntur
739 2988 844 3032 nomen
859 2975 1013 3030 Volcarum
1030 2968 1083 3044 (26
1093 3005 1098 3017 ·
1109 2965 1157 3048 6),
1171 2973 1254 3045 prior

102 3069 182 3128 fama
208 3071 244 3129 de
272 3071 432 3142 elephantis
453 3072 582 3130 traiectis
610 3072 678 3139 (28·
691 3074 734 3142 5),
765 3078 919 3145 praeterea
941 3087 1014 3142 quae
1035 3071 1133 3128 Livius
1154 3078 1254 3129 narrat

102 3169 142 3227 de
164 3169 300 3243 Hispanis
322 3187 433 3230 amnem
456 3172 639 3232 tranantibus
662 3171 768 3248 (27·5)
791 3173 877 3233 etde
900 3172 1081 3232 caerimoniis
1104 3169 1253 3231 Gallorum

101 3286 230 3343 pugnam
239 3272 477 3330 committentium
490 3272 546 3343 (28
556 3303 561 3315 -
573 3272 614 3343 1).
633 3274 693 3332 Aut
701 3273 775 3331 Livii
786 3278 837 3331 aut
844 3271 1028 3331 librariorum
1039 3272 1254 3329 incuriaortutn

101 3368 218 3427 videtur
254 3367 446 3444 „sexaginta“
484 3367 595 3450 (aa-3)
638 3390 692 3444 pro
737 3360 988 3450 τετταράκοντα
1032 3365 1106 3443 (Ροί.
1145 3364 1251 3443 452).

103 3469 215 3537 Oratio,
248 3486 333 3541 quam
355 3470 505 3530 Hannibal
528 3488 593 3545 cap.
624 3475 663 3531 30
685 3472 861 3546 pronuntiat,
883 3470 970 3542 paulo
993 3463 1137 3541 ampliata
1153 3467 1254 3527 eadem

103 3570 245 3636 continet,
268 3586 340 3644 quae
362 3568 426 3631 Pol.
452 3574 637 3630 etro-12
660 3578 880 3643 commemorem
904 3587 929 3628 o.
953 3572 992 3628 30
1013 3565 1057 3642 ἐξ.
1082 3566 1254 3624 7—8simi·

101 3666 255 3726 litudinem
275 3669 383 3727 habent
404 3685 467 3727 cum
490 3667 551 3726 Pol.
576 3670 772 3727 atae-7.

187 3768 275 3826 XXI·
292 3769 425 3839 31-37,
447 3771 477 3831 io
501 3768 690 3827 describendo
712 3768 828 3842 Alpium
849 3771 975 3829 transitu
987 3763 1015 3836 ⁴)
1044 3767 1142 3824 Livius
1164 3769 1254 3824 maxi·

100 3895 249 3903 —------—.
271 3897 303 3902 —

159 3936 196 4023 ¹¹)
217 3959 257 4010 Cf.
278 3958 418 4012 Woelfflin
436 3975 556 4026 prooem.
575 3977 600 4026 p.
619 3961 694 4028 XXI,
714 3962 858 4013 Vielhaber
876 3965 887 4011 l
905 3979 933 4028 p.
945 3967 986 4013 48.

174 4042 195 4110 ²)
216 4046 256 4096 cf.
276 4047 335 4096 Liv.
354 4049 483 4097 21·21·9
503 4053 530 4099 et
547 4048 629 4113 22·5,
649 4049 791 4099 Boettcher
808 4065 835 4114 p.
854 4049 905 4098 376
924 4055 951 4099 et
969 4051 1029 4100 377.

172 4127 194 4195 ³)
214 4131 254 4183 Cf.
274 4136 332 4184 Lis.
351 4136 539 4200 araas-9,
556 4134 695 4188 Woelfflin
714 4136 820 4202 Ant-p.
840 4135 881 4202 23,
902 4136 1002 4186 Posner
1021 4151 1047 4201 p.
1061 4136 1103 4186 17.

172 4215 194 4284 ⁴)
213 4218 253 4268 of.
272 4218 410 4270 Woelfflin
429 4221 491 4272 Aut.
511 4220 573 4272 inde
590 4237 607 4272 a
623 4238 650 4288 p.
668 4223 711 4283 ¹0²⁷·
1042 4296 1059 4351 3
