2708 4628
599 170 748 260 *22-

98 374 207 435 habere
239 380 341 448 negat:
376 373 451 446 quod
485 373 509 430 si
531 371 647 432 Coelius
669 371 830 444 Saguntum
858 385 934 428 anno
964 371 1024 428 218
1046 375 1163 443 captum
1185 374 1251 431 tra-

99 476 226 546 didisset,
259 491 277 532 a
310 474 392 533 Livio
423 473 559 532 XXI-15
590 487 625 528 99
657 472 772 529 nomine
805 472 985 542 vituperatus
1015 474 1100 529 esset.
1145 470 1250 546 Itaque

98 576 210 634 Livium
230 575 325 648 ipsum
352 572 428 630 illius
458 572 566 630 erroris
590 575 737 630 auctorem
765 586 826 629 csse
849 568 945 641 credo,
968 586 1060 642 neque
1080 569 1197 643 Polybii
1220 573 1252 628 et

98 676 174 735 Livii
195 689 335 734 annorum
354 674 466 732 ratione
489 676 657 744 comparata
677 686 724 730 me
745 669 828 744 fugit,
854 670 994 743 quomodo
1015 670 1123 730 factum
1146 670 1194 743 sit,
1219 676 1252 730 ut

100 773 198 834 Livius
220 774 255 833 de
277 771 455 846 temporibus
477 776 600 832 9119191.
1040 784 1046 797 ‘
1093 788 1096 793 ·

181 891 254 949 Nam
277 890 354 963 apud
375 889 526 963 Polybium
547 889 624 948 bunc
645 903 743 947 rerum
758 892 906 962 gestarum
921 886 1051 946 ordinem
1066 887 1248 948 invenimus:

99 992 265 1049 11999241
287 1007 313 1049 9.
337 987 405 1048 (lbr.
429 1006 458 1048 n.
480 1006 551 1063 pace
572 988 619 1047 vix
640 985 720 1048 facta
740 989 848 1048 bellum
870 984 1000 1047 Africum
1022 991 1116 1060 ortum
1138 985 1249 1046 tribus·

99 1108 154 1164 que
177 1091 260 1149 annis
293 1094 322 1148 et
344 1092 480 1162 quattuor·
509 1087 653 1147 mensibus
679 1093 746 1161 post
767 1081 910 1165 (extremo
936 1103 1011 1146 anno
1033 1080 1109 1162 238)
1131 1084 1249 1146 999199-

99 1197 159 1249 turn
181 1191 272 1260 9911).
317 1189 389 1248 Tum
410 1188 559 1248 Hamilcar
581 1189 679 1248 statim
701 1180 846 1262 (seuerae
872 1188 909 1243 2·
925 1191 939 1243 1
953 1208 959 1219 ·
972 1185 1003 1260 5)
1022 1188 1052 1245 19
1074 1188 1249 1260 Hispaniam

98 1291 200 1350 missus
221 1295 266 1349 est
287 1288 382 1363 ibique
400 1288 493 1348 ferme
515 1305 616 1349 novem
639 1305 729 1347 annos
758 1289 806 1361 (2·
823 1292 837 1345 1
853 1289 892 1345 ·7
915 1281 971 1358 ἔτη
993 1271 1115 1357 σχεδὸν
1137 1278 1263 1362 sundal

99 1391 172 1448 vixit
193 1388 294 1463 (usque
316 1389 352 1448 ad
373 1388 496 1448 medium
518 1388 579 1447 fere
601 1405 707 1449 annum
730 1385 814 1461 229).
860 1388 922 1460 Quo
944 1392 1058 1446 mortuo
1076 1385 1249 1460 Hasdrubal

15 1501 19 1509 ·
100 1506 154 1562 per
177 1495 242 1549 9919
273 1505 363 1548 annos
398 1485 524 1566 [2·36·
542 1487 573 1561 1)
604 1488 756 1560 imperavit
787 1484 838 1559 (ad
859 1487 933 1545 med.
954 1503 1021 1546 ann.
1045 1487 1130 1556 221).
1173 1486 1249 1545 Tum

103 1589 250 1648 Hannibal
272 1589 329 1648 dux
351 1594 466 1649 creatus
490 1589 587 1647 statim
603 1587 724 1646 Olcades
741 1587 856 1660 subegit
878 1583 919 1661 (a.
942 1588 1013 1656 221,
1035 1586 1071 1645 91.
1095 1587 1131 1642 3.
1149 1587 1184 1644 13
1198 1623 1204 1636 ·
1218 1587 1249 1660 5)

102 1696 131 1747 91
152 1695 269 1762 postero
291 1707 366 1748 anno
390 1685 478 1762 (220)
501 1694 605 1748 contra
621 1689 768 1747 Vaccaeos
789 1692 818 1746 et
833 1684 1013 1760 Carpetanos
1027 1686 1135 1746 bellurn
1158 1688 1250 1762 gessit

102 1786 234 1861 (9·14);
268 1789 373 1848 deinde
405 1794 555 1862 postquam
578 1788 754 1862 carthagine
788 1803 862 1845 nova
892 1786 1028 1847 hiemavit
1058 1783 1098 1863 (a.
1123 1783 1197 1853 220(
1202 1792 1249 1860 19,

102 1885 137 1947 ol.
163 1889 199 1946 3·
217 1892 268 1948 15·
281 1886 323 1963 3),
347 1889 507 1962 Saguntum
530 1903 685 1963 aggressus
707 1892 760 1947 est.

184 2006 274 2064 Plane
306 2005 448 2064 diversam
481 2021 623 2064 annorum
654 2005 797 2063 rationem
825 2004 924 2063 Livius
955 2005 1085 2078 sequitur
1117 2006 1183 2078 (21,
1219 2011 1249 2080 2,

106 2107 216 2177 1-3);
250 2107 280 2163 in
301 2103 401 2164 Africa
432 2122 485 2178 per
517 2106 643 2178 quinquo
675 2120 764 2163 annos
794 2103 902 2163 bellum
934 2110 1045 2178 gestum
1075 2121 1137 2164 esse
1158 2107 1252 2167 tradit

104 2204 309 2277 (211-236);
343 2203 446 2264 deinde
468 2203 663 2262 Hamilcarem
693 2205 723 2261 in
754 2203 896 2277 Hispania
930 2209 1072 2264 versatum
1107 2221 1172 2266 csse
1192 2224 1249 2279 per

103 2321 204 2364 novem
238 2320 328 2363 anuos
361 2298 576 2379 (236-227);
608 2308 668 2360 1991
694 2302 904 2363 Hasdrubalem
936 2309 1001 2364 octo
1033 2303 1122 2366 191199
1153 2322 1248 2368 annos

102 2405 253 2479 imperium
276 2403 435 2464 obtinuisse
458 2402 662 2479 (227-219).

185 2521 272 2592 Apud
293 2518 442 2594 Polybium
464 2522 552 2595 igitur
574 2519 732 2580 Hannibali
754 2521 904 2596 imperinm
926 2520 1054 2582 defertur
1074 2539 1151 2584 anno
1173 2527 1248 2596 221,

103 2620 180 2692 apud
202 2620 313 2678 Livium
335 2636 362 2678 a.
384 2622 454 2689 219,
476 2621 554 2680 unde
576 2622 772 2682 coniecturam
793 2622 889 2682 199919
910 2624 988 2696 11991,
1012 2624 1124 2684 Livium
1145 2630 1247 2685 aucto-

103 2735 163 2776 rem
196 2719 338 2791 quendam
375 2718 507 2778 babuisse
548 2720 719 2793 Romanum,
759 2723 807 2794 qni
844 2722 1046 2791 Hannibalem,
1085 2741 1149 2784 oum
1187 2723 1248 2785 dux

103 2817 195 2876 factus
219 2825 303 2887 esset,
334 2820 431 2891 statim
453 2818 558 2878 bellum
580 2821 742 2879 Romanum
763 2823 793 2880 in
815 2825 910 2882 animo
931 2825 1058 2898 agitasse
1079 2830 1109 2884 et
1130 2841 1248 2885 causam

105 2916 173 2975 belli
206 2923 390 2990 quaerentem
421 2919 592 2992 Saguntinos
621 2911 791 2994 aggressum
822 2940 883 2982 esse
915 2924 1033 2984 diceret.
1088 2923 1160 2983 Cum
1190 2926 1248 2985 boc

105 3024 223 3089 auctore
246 3020 403 3077 concinunt
424 3019 573 3092 Appianas
595 3022 627 3091 (1.
651 3023 678 3080 7.
702 3039 726 3080 9.
751 3017 803 3097 10)
827 3029 856 3082 91
870 3023 998 3084 Zonaras
1021 3026 1055 3095 (1.
1081 3027 1109 3083 8.
1132 3041 1157 3082 c.
1180 3023 1246 3098 21),

107 3120 155 3191 991
176 3118 252 3177 bella
273 3125 376 3177 contra
395 3119 528 3195 Olcades,
555 3119 709 3195 Vaccaeos,
741 3121 920 3194 Carpetanos
941 3130 1023 3197 gesta
1043 3140 1102 3183 non
1123 3139 1248 3183 comme·

103 3225 224 3286 morant,
240 3217 363 3279 19119999
379 3220 466 3277 etiam
476 3217 612 3278 Aurelius
623 3220 774 3299 Victor(?)
789 3222 823 3281 de
836 3221 905 3281 11119
918 3224 1074 3284 illustribus
1088 3222 1167 3295 (cap.
1181 3223 1247 3297 42),

103 3321 149 3391 qui
172 3318 364 3379 Hannibalem
387 3326 503 3378 mortuo
520 3327 614 3400 putre
636 3322 795 3394 Saguntum
818 3324 896 3382 intra
915 3340 965 3383 sex
986 3342 1098 3385 mensos
1110 3318 1140 3397 ²)
1163 3341 1247 3384 ever·

101 3421 170 3478 tissa
192 3420 270 3477 dicit.
314 3419 415 3492 Neque
437 3420 506 3478 mibi
528 3417 646 3479 dubium
667 3426 719 3491 est,
742 3423 809 3495 quin
832 3439 867 3482 ex
887 3424 987 3483 eodem
1008 3425 1151 3484 communi
1177 3441 1247 3483 auc·

100 3525 164 3577 tore
185 3519 317 3593 profecta
348 3521 414 3591 sint,
448 3537 521 3595 quae
543 3520 605 3579 Liv.
638 3524 674 3579 21
690 3546 695 3558 ·
710 3519 777 3580 5'·1
802 3523 908 3582 tradit:
943 3522 1098 3596 ,Ceterum
1131 3540 1166 3584 ex
1188 3538 1247 3596 quo

103 3619 149 3678 die
171 3621 228 3678 dux
249 3627 293 3680 est
315 3621 485 3690 declaratus,
507 3622 585 3681 velut
605 3616 707 3682 Italic
730 3623 757 3682 ei
778 3625 927 3696 provincia
947 3623 1065 3683 decreta
1083 3623 1247 3696 bellumque

174 3924 330 3991 1)01.Ρ91.
359 3927 381 3977 1.
405 3931 438 3980 66
458 3933 483 3978 91
500 3929 583 3979 88·7.
606 3926 683 3981 Diod.
710 3927 763 3980 Sic.
782 3929 871 3989 25:11
899 3929 969 3980 bello
997 3929 1086 3982 Africo
1114 3935 1243 3995 quattuor

102 4029 185 4064 annos
205 4020 231 4064 91
249 4020 375 4079 quattuor
392 4030 496 4066 menses
513 4013 617 4067 tribuit.

173 4095 193 4164 ²)
212 4100 268 4152 Ρ91.
287 4103 396 4152 3·17·9
416 4106 442 4152 91
460 4102 521 4152 Liv.
541 4101 669 4151 91199
692 4105 751 4153 9919
776 4116 879 4153 menses
907 4102 1048 4164 exhibeam
1073 4100 1120 4154 sed
1137 4103 1165 4152 in
1185 4116 1247 4152 eum

101 4202 207 4249 anuum,
227 4203 279 4253 quo
299 4187 435 4242 Hannibal
454 4189 508 4238 dux
525 4189 613 4240 lactus
632 4192 678 4251 991,
697 4203 743 4238 sex
762 4203 866 4239 menses
879 4188 972 4240 melius
991 4188 1099 4240 eadunt.
