2708 4628
676 199 712 253 14

204 388 290 455 Ηοοο
317 395 554 469 disceptationem
575 388 619 457 ‘de
647 399 711 457 inre
740 395 887 457 foederum
916 396 1037 458 aLivie
1064 404 1116 458 ant
1142 415 1179 460 ex
1199 398 1263 475 ipso

122 496 240 568 Polybio
272 502 322 554 ant
357 511 394 554 ex
425 497 571 555 communi
602 496 726 568 quodam
758 498 908 570 utriusque
940 497 1018 557 fonte
1045 499 1177 559 haustam
1199 517 1264 561 esse

121 598 252 671 apparet.
295 592 335 652 At
356 595 380 653 si
401 594 468 653 libri
489 594 543 652 III.
566 610 629 668 cap.
653 597 692 652 29
714 612 732 655 a
754 593 874 668 Polybio
896 614 932 656 ex
952 599 1116 671 antiquiore
1140 601 1264 673 quodam

120 698 240 753 anctore
269 695 391 764 petitum
413 699 466 766 est,
495 695 583 753 etiam
604 710 639 753 ea
662 691 789 766 foedera,
817 711 889 766 quae
920 714 983 756 com
1004 713 1023 755 a
1045 698 1165 772 Polybio
1186 717 1264 759 com·

122 798 328 865 memorentur,
351 810 370 857 a
390 793 474 852 Livio
495 795 611 853 omnino
634 810 691 854 non
713 800 883 869 tanguutnr,
906 811 942 854 ex
964 799 1106 856 communi
1120 799 1170 858 ilio
1184 797 1263 858 iente

120 890 272 968 fluxerunt,
306 899 336 951 et
364 893 446 952 Livio
475 910 510 952 ea
530 894 644 953 silentio
669 897 832 964 praeterire
860 911 917 952 non
939 897 1031 968 magis
1057 895 1147 968 licuit,
1178 913 1263 970 quam

120 995 144 1052 ai
166 1009 202 1053 ea
223 993 299 1065 apud
331 993 425 1065 ipsum
459 992 610 1066 Polybium
637 993 756 1064 legerat.
799 991 934 1052 Ceterum
955 992 1053 1052 Livius
1073 1002 1103 1053 et
1124 997 1142 1051 7
1154 1017 1160 1028 ·
1173 997 1213 1052 27
1225 999 1262 1054 ·2

121 1099 150 1152 et
173 1093 260 1150 9·43
273 1106 279 1119 ·
293 1093 332 1148 26
354 1097 384 1151 et
404 1092 534 1166 periooh.
550 1090 623 1149 XIII
646 1091 761 1150 illorum
776 1090 925 1150 foederum
947 1092 1122 1150 mentionem
1143 1091 1262 1166 iecerat,

120 1207 283 1266 quanquam
314 1192 414 1264 paucis
444 1189 546 1261 verbis,
577 1185 700 1246 fortasse
726 1189 814 1247 etiam
835 1191 865 1247 in
887 1190 907 1246 l.
930 1191 1009 1256 XVI,
1038 1208 1094 1262 quo
1122 1196 1264 1268 originem

121 1291 402 1365 Carthaginiensium
423 1296 454 1349 et
474 1287 631 1368 primordia
651 1289 729 1347 urbis
751 1303 851 1346 eorum
879 1287 1033 1357 referebat,
1065 1291 1099 1350 de
1132 1296 1173 1351 eis
1205 1294 1263 1353 dis·

121 1396 259 1453 seruerat
300 1391 401 1464 Itaque
432 1392 556 1465 primum
584 1388 655 1449 illud
688 1390 726 1447 ad
755 1389 832 1462 qnod
863 1392 940 1449 viros
969 1390 1070 1450 doctos
1106 1409 1264 1465 provocare

120 1491 179 1550 vidi
200 1495 400 1565 argumentum
423 1491 576 1550 admodum
605 1489 751 1548 infirmum
773 1507 834 1548 esse
857 1505 966 1549 censeo.

204 1590 266 1648 Nec
297 1591 436 1648 maiorem
464 1591 521 1649 uim
552 1591 638 1650 habet
671 1591 794 1649 alterum
817 1595 1026 1665 argumentum,
1058 1593 1134 1664 qnod
1155 1595 1264 1665 petitor

126 1708 161 1750 ex
187 1692 388 1764 discrepantiis
410 1691 485 1757 Livii
506 1696 537 1749 et
560 1690 679 1764 Polybi,
710 1693 814 1764 quippe
843 1707 917 1764 quae
938 1695 969 1750 et
988 1693 1077 1765 ipsae,
1099 1695 1207 1765 partim
1227 1711 1264 1754 ex

123 1809 178 1851 usu
198 1794 320 1853 duorum
349 1794 395 1851 vel
421 1795 508 1851 trium
529 1796 679 1850 anctorum
700 1793 806 1865 partim
833 1807 869 1850 cx
897 1791 1078 1865 indiligentia
1098 1798 1128 1852 et
1147 1794 1264 1854 levitate

122 1893 197 1952 Livii
218 1900 309 1966 ortae,
332 1909 429 1951 rerum
457 1893 638 1966 scriptorem,
669 1908 726 1950 non
756 1907 870 1950 servum
902 1889 1052 1951 librarium
1075 1893 1154 1952 illum
1176 1892 1264 1954 fuisse

122 1992 284 2052 ostendant.
330 1991 384 2062 Qui
412 2007 479 2049 cum
512 2007 598 2062 saepe
631 2005 729 2048 earum
761 2006 858 2049 rerum
890 1988 995 2050 oblitus
1017 1993 1065 2064 alt,
1099 2008 1171 2066 quas
1202 1995 1264 2067 ipse

122 2094 306 2164 narravisset,
336 2096 365 2150 et
392 2107 439 2150 res
466 2093 543 2150 inter
572 2108 603 2150 se
632 2096 793 2163 pugnantes
822 2091 976 2164 rettulerit,
1007 2108 1077 2152 sane
1112 2099 1264 2153 auctorum

121 2189 211 2250 libros
231 2207 289 2249 non
311 2207 346 2250 ea
367 2208 437 2251 cura
456 2195 653 2263 perscrutatus
675 2195 728 2256 eat,
750 2206 807 2262 qna
827 2206 909 2249 usum
934 2206 998 2249 eum
1023 2207 1085 2251 esse
1109 2191 1265 2253 Boettcher

122 2291 237 2351 videtur
265 2290 392 2350 credere.
436 2288 570 2350 (laterum
597 2305 661 2348 cum
688 2290 819 2363 plerique
846 2289 891 2348 his
919 2289 1118 2365 discrepantiis
1145 2295 1263 2354 niminm

122 2395 298 2450 momentum
327 2390 444 2462 addant,
477 2392 560 2450 nobis
589 2382 626 2449 ex
654 2389 785 2463 'ipsorum
817 2390 931 2462 scriptis
960 2391 1100 2450 nonnulla
1134 2395 1263 2466 exempla

124 2489 230 2550 afferre
253 2491 347 2563 liceat,
370 2507 444 2564 quae
465 2490 531 2549 illos
546 2491 622 2564 ipsos
643 2491 672 2549 in
688 2481 809 2562 Polybio
830 2489 952 2549 etLivio
967 2491 1191 2564 interpretandis
1203 2508 1261 2551 non

120 2607 185 2650 eam
207 2589 355 2650 adhibere·
368 2589 523 2650 ostendant
545 2588 731 2662 diligentiam,
754 2605 840 2662 quam
862 2589 945 2649 Livio
966 2588 1140 2653 attribuunt.

205 2692 295 2750 Velut
323 2689 451 2749 Vollmer
480 2691 522 2763 (p.
551 2687 582 2764 9)
611 2689 675 2748 Pol.
708 2689 849 2748 aaa-3
879 2673 936 2760 τὴν
969 2677 1173 2764 στυγνότητα
1202 2686 1264 2751 τοῦ

124 2785 302 2868 συνεδρίου
330 2779 571 2868 παρεισάγουσι
594 2777 795 2861 θαυμάσιον
822 2786 985 2860 significare
1015 2795 1098 2862 putat
1126 2792 1264 2859 „laudant

119 2896 236 2952 senatus
257 2891 382 2950 Romani
401 2883 621 2959 constantiam“,
645 2904 710 2947 cnm
731 2888 802 2947 nihil
823 2887 902 2946 aliud
923 2891 961 2948 sit
977 2905 1060 2963 quam
1087 2891 1264 2958 „mirabilem

121 2993 268 3053 tristitiam
289 2995 405 3050 senatus
427 2985 603 3062 exponunt&

203 3094 284 3152 idem
316 3090 357 3165 (p.
382 3089 433 3164 11)
466 3090 502 3150 ad
535 3089 596 3148 Pol.
627 3089 735 3148 3=33·
752 3091 789 3147 18
824 3076 961 3149 διὸκαὶ
987 3088 1263 3151 κατακολουθεῖν

121 3185 288 3266 εἱλόμεθα
316 3188 357 3269 τῇ
376 3186 494 3274 γραφῇ
514 3179 620 3266 ταύτῃ
646 3190 717 3250 haec
747 3189 842 3249 addit:
881 3191 976 3264 „illius
1006 3193 1204 3266 inscriptionis
1231 3192 1262 3249 in

120 3295 229 3367 templo
267 3293 383 3352 Iunonie
414 3293 444 3348 in
481 3290 679 3364 promontorio
716 3290 835 3350 Lacinio
868 3272 1029 3364 insculptae
1061 3293 1147 3353 fidem
1177 3297 1262 3366 atque

121 3393 323 3456 auctoritatem
344 3408 374 3451 se
397 3391 447 3450 alii
479 3390 628 3450 traditioni
649 3391 819 3463 praetulisse
849 3391 948 3453 dicim.
992 3394 1049 3453 Sed
1070 3393 1206 3469 Polybius
1228 3394 1263 3452 de
1324 3468 1327 3473 Δ

122 3496 214 3556 altera
228 3493 306 3554 iama
333 3492 404 3550 nihil
424 3491 598 3565 significavit
619 3507 712 3564 neque
733 3490 810 3551 aliud
835 3493 987 3565 quicquam
1009 3492 1079 3552 dicit
1100 3509 1184 3566 qnam
1210 3492 1272 3577 sibi¹

121 3597 244 3659 liberum
272 3592 358 3654 inisse
387 3590 434 3651 uel
454 3591 511 3650 illis
531 3591 682 3663 copiarum
704 3591 878 3653 Punicarum
899 3593 1024 3653 numeris
1043 3593 1074 3651 in
1094 3607 1183 3666 opere
1212 3608 1263 3650 suo

120 3699 214 3758 locum
236 3698 306 3756 darc
326 3695 371 3755 uel
393 3694 434 3754 eis
456 3690 542 3754 fidem
563 3708 622 3752 nou
643 3691 751 3753 babere
769 3691 801 3766 ¹).
1026 3760 1032 3769 ἱ

207 3798 293 3873 Apud
314 3799 472 3857 Posnerum
500 3793 547 3867 (p.
573 3793 625 3864 11)
646 3794 718 3853 baec
738 3795 891 3868 leguntur:
924 3789 1103 3867 „Consulem
1133 3792 1182 3864 qni
1203 3805 1262 3848 enn-

123 3906 237 3977 pdrium
257 3916 346 3976 prope
368 3882 548 3958 Placentiam
570 3893 607 3952 ab
627 3891 799 3952 Hannibalis
820 3890 968 3950 obsidione
982 3887 1159 3966 liberaverit,
1183 3887 1262 3949 Sem·

121 4005 254 4079 propium
285 4000 447 4061 Gracchum
478 3995 566 4056 iuuisse
597 3993 657 4054 sela
690 4010 725 4052 ex
756 3991 859 4065 Dionis
888 3990 1056 4050 narratione
1098 3986 1261 4050 discimus“.

320 4160 371 4171 ...a

192 4232 215 4302 ¹)
234 4235 315 4285 Recte
333 4232 366 4282 de
385 4245 416 4281 aa
433 4245 464 4280 re
482 4229 614 4280 indicavit
632 4218 769 4279 Woelfflin
787 4220 816 4276 in
835 4216 956 4274 antioch.
974 4237 1000 4287 p.
1028 4217 1069 4271 91.
