2708 4628
667 264 707 320 57

637 346 646 350 -
700 345 744 417 -..ὲ

113 482 167 540 quo
191 470 321 537 tempore
350 480 385 523 eo
414 465 541 532 venerit,
573 480 631 522 uon
646 470 897 525 commemoratur.
943 464 1042 525 Primo
1063 468 1162 526 statim
1181 482 1265 540 proe-

111 566 150 624 lio
170 563 259 623 funda
281 564 410 637 graviter
430 566 502 623 ictus
524 579 586 622 csse
608 563 728 636 dicitur3
760 563 873 624 videtur
894 566 924 639 ig
932 565 990 624 itur
1010 567 1110 626 Liuius
1132 565 1188 626 sibi
1209 565 1263 626 fin·

110 682 189 740 gere,
212 665 333 724 Paulum
356 665 515 722 certamine
530 663 646 722 vixdum
662 666 811 724 commisso
830 666 944 725 mediae
963 682 1079 740 pugnae
1095 666 1263 740 praefuisse.

110 765 154 825 lbi
182 764 218 823 ah
255 763 399 839 equitibus
422 765 561 824 Romanis
582 765 747 838 protegitur
776 782 881 840 eosque
912 766 949 825 ad
977 765 1067 839 pedes
1090 767 1263 826 descendere

101 866 205 937 :iubet3
227 865 278 924 sed
300 881 362 923 cum
384 881 432 923 res
445 864 519 924 male
541 870 671 938 geratur,
693 882 762 939 pars
778 867 982 928 Romanorum
1002 864 1087 942 fugit,
1110 882 1177 940 pars
1200 884 1264 926 cum

110 966 201 1026 Paulo
223 965 373 1026 occiditur.
398 996 438 1006 -
459 966 500 1024 At
520 982 613 1037 neque
636 982 672 1024 ex
694 963 854 1038 Polybiane
879 983 973 1040 neque
995 985 1030 1027 ex
1052 968 1174 1027 Liviana
1197 983 1265 1026 uar-

110 1069 222 1126 ratione
244 1067 433 1140 intellegitur,
466 1066 607 1139 quomodo
629 1065 692 1125 fieri
723 1069 867 1138 potuerit,
901 1074 934 1126 ut
964 1070 1058 1127 exitus
1092 1084 1205 1142 pugnae
1227 1083 1263 1125 ex

110 1169 237 1240 equitum
273 1167 384 1241 proelio
418 1165 573 1239 penderet3
606 1171 760 1239 praeterea
781 1166 880 1225 Livius
918 1169 1035 1240 42¹49,
1065 1167 1115 1226 uhi
1142 1167 1264 1226 Romani

110 1270 255 1341 pelluntur
297 1273 328 1325 et
376 1265 508 1341 iugiunt,
552 1272 654 1337 aperte
697 1267 843 1339 discrepat
886 1283 949 1327 cum
991 1268 1163 1339 22·47·8,
1213 1266 1263 1325 uhi

111 1369 236 1441 undique
258 1369 360 1427 inclusi
381 1384 443 1427 esse
466 1367 608 1426 dicuntur.
652 1366 738 1441 Apud
758 1366 925 1440 Appianum
949 1373 1045 1427 autem
1069 1367 1181 1439 (Hann.
1206 1369 1261 1440 19)

109 1476 177 1528 ante
206 1470 320 1528 initium
346 1485 459 1542 pugnae
481 1469 590 1527 Paulus
621 1468 745 1527 mediam
766 1470 857 1527 aciem
880 1468 1020 1528 tuendam
1053 1469 1173 1540 suscipit
1193 1474 1262 1527 eta

109 1571 188 1627 mille
210 1568 353 1640 equitibus
373 1571 547 1642 protegitur,
569 1570 599 1627 id
621 1570 775 1642 quodcum
797 1570 859 1628 Liv.
884 1570 993 1626 224⁹
1016 1570 1103 1641 plane
1125 1569 1259 1628 conciuit.

108 1668 155 1726 Ex
183 1685 218 1727 eo
246 1668 439 1742 intellegimus
472 1669 584 1726 Livium
613 1668 698 1727 finem
728 1685 841 1742 pugnae
866 1667 1031 1728 Cannensis
1061 1670 1195 1742 petivisse
1224 1685 1260 1727 ex
1329 1708 1334 1715 ·

108 1775 228 1835 auctore
250 1768 381 1828 Romano
404 1766 537 1840 (Coelio),
561 1771 609 1841 qui
625 1770 772 1828 Romanos
794 1768 894 1826 eodem
917 1767 1029 1838 ordine,
1054 1769 1134 1826 cuius
1149 1769 1259 1841 Appia-

109 1887 161 1928 nns
182 1874 284 1929 auctor
305 1875 359 1941 est,
383 1871 474 1929 aciem
496 1870 668 1927 instruxisse
690 1866 828 1928 traderet.
883 1942 890 1955 ἱ

192 1971 252 2029 Hos
274 1969 366 2028 habeo
391 1970 479 2041 locos,
504 1968 606 2042 quibus
628 1969 741 2027 Livium
762 1967 816 2026 sihi
838 1985 895 2028 non
919 1973 1054 2028 constare
1078 1969 1181 2028 iudico.
1225 1970 1257 2028 0.

110 2070 198 2128 Peter
220 2065 266 2146 (p.
290 2071 345 2139 38)
368 2075 397 2128 et
418 2069 565 2130 Buchholz
587 2072 626 2144 (p.
650 2066 703 2142 22)
727 2071 803 2127 inter
824 2085 854 2127 se
865 2085 995 2145 pugnare
1016 2068 1150 2129 dixerunt
1171 2071 1259 2127 ctiam

110 2169 286 2225 22.15·12
308 2175 338 2227 et
360 2171 615 2239 22·17·4;sed
636 2171 824 2244 neglexerunt
854 2172 1065 2227 22·15·3et
1086 2170 1257 2227 arro-5.
1304 2149 1314 2159 ⁶

109 2267 272 2339 Boettcher,
295 2269 343 2341 qui
366 2265 406 2341 (p.
430 2269 507 2340 436)
530 2269 593 2327 Liv.
617 2272 776 2326 22·44·3
799 2275 829 2328 et
851 2271 1014 2327 rnna-2
1037 2270 1114 2329 inter
1137 2285 1167 2327 se
1189 2286 1257 2328 con·

108 2368 205 2425 cinere
227 2371 324 2440 negat,
348 2369 474 2439 priorem
496 2368 591 2426 locum
612 2385 766 2442 perperam
788 2371 1008 2442 interpretatur.

191 2467 257 2526 Non
290 2469 353 2526 sine
385 2469 518 2527 veritatis
547 2470 642 2541 specie
664 2470 816 2542 suspiceris
846 2469 949 2528 eadem
971 2466 1032 2528 iere
1064 2486 1151 2541 quam
1173 2471 1257 2529 modo

108 2568 313 2639 explicavimus
334 2569 493 2627 studiorum
515 2571 628 2628 ratione
654 2569 769 2626 Livium
790 2586 844 2642 per
865 2573 957 2626 totam
980 2570 1096 2628 tertiam
1119 2569 1256 2630 decadem

109 2684 189 2726 usum
212 2683 274 2726 esse
296 2673 326 2726 et
346 2668 422 2728 binis
443 2670 488 2726 vel
512 2671 605 2728 ternis
627 2667 792 2727 auctoribus
813 2671 891 2727 inter
914 2686 945 2728 se
975 2672 1150 2743 comparatis
1171 2671 1256 2730 modo

110 2767 186 2826 huno
207 2768 291 2826 modo
316 2768 395 2826 illum
428 2775 566 2842 tanquam
587 2769 767 2843 potissimum
790 2768 892 2827 ducem
914 2771 957 2828 ita
979 2775 1107 2828 secutum
1130 2785 1203 2836 esse,
1223 2776 1256 2826 ut

107 2867 197 2924 multa
218 2872 248 2926 et
268 2868 378 2927 leviora
400 2875 430 2927 ct
450 2871 586 2943 grauiora
605 2870 721 2929 aliunde
741 2871 833 2942 petita
852 2871 882 2927 in
907 2870 967 2928 eius
989 2871 1189 2928 narrationem
1210 2871 1253 2928 in-

106 2973 223 3024 sereret.
240 2967 299 3025 'Et
314 2985 475 3041 quanquam
498 2968 563 3028 fieri
575 2972 679 3041 potuit,
702 2975 734 3028 ut
749 2968 806 3028 duo
820 2970 866 3027 vel
888 2975 948 3028 tres
970 2972 1127 3049 scriptores
1149 2987 1184 3028 ex
1206 2986 1254 3030 eo·

108 3063 173 3123 dem
195 3072 316 3126 auctore
347 3074 484 3142 tanquam
513 3087 549 3128 ex
579 3071 723 3128 communi
755 3067 834 3128 ionte
866 3086 918 3128 sua
947 3070 1100 3129 haurirent
1130 3087 1255 3129 commu·

106 3182 227 3238 nemque
249 3173 398 3227 auctorem
419 3171 499 3228 varia
520 3171 635 3228 ratione
656 3175 860 3240 retractarent,
884 3175 983 3228 tamen
1005 3172 1031 3228 ei
1054 3177 1121 3229 sunt
1142 3173 1253 3244 vitupe-

107 3266 201 3338 randi,
224 3268 271 3341 qui
292 3269 337 3326 rel
357 3270 436 3328 illam
459 3271 602 3329 rationem
623 3273 700 3330 inter
714 3270 867 3342 Polybium
890 3274 920 3328 et
938 3269 1051 3328 Livium
1073 3272 1254 3330 intercedere

104 3367 150 3425 rel
172 3377 270 3428 omnes
292 3371 425 3443 antiquos
450 3387 549 3429 rerum
570 3373 729 3444 scriptores
760 3378 821 3430 tam
843 3371 971 3431 Graecos
1002 3388 1087 3444 quum
1108 3372 1253 3430 Romanos

103 3467 282 3541 singulorum
303 3476 453 3529 auctorum
478 3486 566 3543 opera
588 3471 625 3529 ad
646 3471 763 3530 verbum
785 3469 847 3531 iere
867 3474 897 3530 in
911 3487 985 3529 nova
1006 3473 1136 3546 exempla
1158 3477 1252 3529 trans·

103 3569 202 3628 tulisse
223 3575 332 3628 temere
353 3571 510 3630 clamitent.
553 3572 649 3645 Atque
663 3573 718 3632 hae
732 3572 846 3646 quidem
867 3574 897 3630 in
918 3588 951 3631 re
972 3573 1110 3631 iudicium
1125 3574 1252 3631 virorum

105 3665 255 3730 doctdrum
286 3669 370 3729 valde
401 3671 549 3731 turbatum
582 3677 635 3744 est,
666 3689 730 3732 cum
759 3673 810 3731 alii
834 3680 948 3732 veteres
976 3689 1074 3732 rerum
1095 3675 1251 3747 scriptores

102 3787 255 3844 perperam
278 3787 342 3831 cum
364 3773 470 3831 nostris
491 3769 657 3831 conferrent
678 3775 708 3831 et
720 3762 766 3831 ¹ad
787 3773 909 3832 eandem
922 3787 1053 3832 normam
1069 3774 1249 3845 metirentur,
1308 3846 1311 3851 Ι

102 3870 151 3929 alii
173 3888 223 3930 eos
243 3873 307 3945 pari
329 3872 416 3946 plane
440 3871 534 3947 gradu
554 3877 698 3944 ponerent
724 3889 788 3932 cum
810 3872 898 3932 medii
919 3874 982 3932 aevi
1011 3863 1248 3948 chronographis.

55 4013 58 4020 .
109 3969 216 4029 Verum
240 3973 367 4046 turpiter
387 3975 503 4047 utrique
525 3973 598 4046 lapsi
620 3987 685 4031 esse
709 3972 780 4031 mihi
801 3973 945 4033 videntur.
969 3973 1059 4032 Immo
1082 3975 1166 4046 longe
1187 3976 1251 4048 plu·

102 4071 167 4127 rimi
192 4077 329 4144 quantum
350 4071 388 4131 ab
408 4073 466 4132 illis
485 4072 657 4131 tantundem
679 4070 783 4130 abhis
804 4073 914 4132 distare
937 4073 1124 4157 existimandi
1148 4082 1224 4135 sunt.

187 4170 287 4244 Neque
310 4172 402 4246 magn
423 4177 536 4232 constat
557 4175 634 4232 inter
655 4173 731 4232 viros
752 4171 864 4243 doctos,
887 4188 906 4230 a
927 4172 1031 4244 quibus
1052 4175 1142 4233 initiis
1156 4191 1248 4234 anua·

101 4271 173 4330 lium
194 4277 224 4329 st
236 4271 423 4332 historiarum
447 4270 589 4333 confectio
604 4273 681 4347 apud
696 4269 985 4347 Romanosproiecta
1006 4274 1053 4350 sit,
1072 4291 1145 4392 quos
1167 4275 1245 4335 dein-

1045 4361 1068 4416 4
