2708 4628
651 218 699 306 50—

183 418 217 478 In
238 419 310 479 libro
325 419 410 480 XXII
424 421 531 492 Livius,
555 436 617 478 oum
639 419 809 492 praesertim
831 436 877 477 res
892 418 1015 479 urbanus
1037 419 1126 477 multo
1151 418 1240 478 fusius

100 537 183 594 quam
205 520 340 592 Polybius
361 521 534 594 exposuerit,
567 521 659 579 miuus
691 537 777 594 saepe
808 536 874 579 oum
894 518 943 579 illo
964 518 1114 578 consentit.
1161 519 1240 592 Quae

100 636 135 677 ex
155 617 262 692 Coelio,
285 637 356 693 quae
378 634 418 679 err
435 619 551 679 Valerio
565 621 658 692 petite
679 621 746 695 sint,
769 623 904 678 accurate
926 614 1040 677 definiri
1054 635 1111 677 non
1132 623 1238 692 potest.

100 719 215 779 Valerio
235 721 367 780 videntur
387 721 485 780 deberi
508 722 562 778 19·
576 722 676 780 6-12
700 724 729 778 et
752 721 792 778 20
804 737 809 749 ·
822 720 923 776 4-21
937 721 974 777 ·8
998 716 1059 794 (ubi
1081 719 1181 792 egitur
1201 718 1237 778 de

99 819 184 878 rebus
215 837 233 879 a
261 820 440 894 Scipionibus
468 823 498 880 in
528 821 669 896 Hispania
689 816 802 895 gestis),
832 817 891 878 24·
906 822 1026 876 11-14
1054 818 1105 888 (de
1127 820 1238 892 proelio

99 920 177 994 apud
198 920 369 981 Gereonium
390 921 559 993 commisso),
582 924 639 979 31.
656 924 732 979 1-17
755 918 809 997 (de
830 919 943 981 Servilii
964 919 1089 978 consulis
1110 920 1238 977 navium-

99 1037 154 1093 que
182 1021 362 1093 expeditione
387 1021 417 1079 in
439 1017 566 1079 Africam
594 1013 697 1096 faeta),
726 1020 898 1075 40·9-42
913 1033 918 1045 ·
934 1018 969 1074 12
1002 1016 1052 1086 (de
1073 1016 1239 1076 Hannibale

99 1119 175 1191 apud
197 1118 370 1179 Gereonium
392 1119 527 1180 Romanis
559 1119 675 1178 insidias
707 1119 848 1195 parante).
891 1115 1004 1177 Coelius
1032 1118 1189 1191 praecipue
1211 1119 1240 1178 in

99 1218 140 1277 eis
161 1219 291 1294 partibus
313 1220 343 1279 in
364 1236 446 1280 usum
466 1228 583 1281 vocatus
604 1225 656 1286 est,
687 1234 760 1293 quae
790 1216 968 1277 orationibus
995 1223 1058 1276 arte
1086 1218 1240 1294 perpolitis

102 1326 221 1379 ornatae
244 1325 310 1380 sunt
333 1319 357 1394 ).

104 1505 197 1512 -uo—-w-

171 1587 191 1655 1)
210 1588 268 1640 Liv.
294 1589 386 1639 2238
409 1605 462 1640 non
492 1604 525 1639 ex
544 1589 645 1641 Graeco
664 1590 752 1656 aliquo
771 1594 877 1640 auotore
896 1587 1018 1657 (Fabium
1037 1586 1115 1656 dieo),
1141 1588 1239 1641 sodex

104 1675 191 1742 priseo
211 1673 324 1741 quodam
342 1677 468 1741 scriptore
486 1667 604 1727 Romano
623 1678 735 1742 petitum
754 1692 810 1728 esse
829 1676 891 1727 setis
909 1676 1089 1742 intellegimus
1101 1691 1136 1726 ex
1149 1675 1240 1729 vorbis

104 1764 200 1830 „fugae
218 1768 296 1828 atque
324 1761 472 1815 formidinis
496 1764 592 1830 ergo“;
616 1765 649 1814 oi.
672 1764 731 1815 Liv.
752 1763 891 1814 rurs-20
910 1763 998 1830 (fugae
1015 1760 1238 1828 formidinisque),

108 1849 174 1900 Sall.
196 1848 251 1912 lup.
276 1851 344 1900 554
371 1849 446 1918 (fuga
468 1855 548 1915 atque
569 1848 701 1918 formido),
729 1851 783 1902 Cio.
806 1849 839 1900 ad
866 1850 942 1913 Attio.
972 1851 1075 1900 e·14·1
1097 1847 1188 1916 (fugas
1212 1855 1238 1899 ot

20 1955 24 1961 ‘
103 1935 275 2004 formidines),
295 1937 400 1988 Lueret.
420 1939 447 1988 5·
460 1940 526 1986 1246
546 1937 703 2001 (formidinis
723 1933 805 2003 ergo),
824 1936 910 1986 Hand.
928 1936 1041 1988 Turseli.
1060 1937 1240 2000 ilaue-43,

102 2024 193 2090 Reisig
211 2020 410 2092 ,Voriesungon‘
429 2041 454 2090 p.
473 2026 532 2074 201.
550 2041 575 2075 u.
593 2027 653 2076 236.
