2708 4628
750 215 765 287 l

690 313 838 320 —-——-

190 440 350 503 quanquam
371 419 413 486 ita
434 427 602 500 comparata
624 430 677 495 est,
698 433 731 486 ut
752 444 844 500 neque
865 419 1031 488 confirmari
1049 417 1135 487 certis
1157 417 1338 503 argumentis

189 545 283 602 neque
305 525 399 587 refelli
426 528 528 600 possit,
558 531 655 585 tamen
676 525 795 586 Nitzsch
815 530 862 587 vix
887 529 1029 600 cuiquam,
1057 531 1106 600 qui
1135 529 1218 605 sciat,
1250 546 1339 602 quam

189 629 279 686 multa
300 626 433 686 Valerius
456 626 641 709 impudenter
670 623 803 702 finxerit,
835 626 921 686 fidem
945 614 1048 699 faciet,
1077 628 1157 687 illum
1186 635 1339 689 auctorum

189 726 271 786 libris
302 726 520 800 perscrutandis
553 727 710 797 alienisque
741 726 922 799 opinionibus
954 725 1167 800 perpendendis
1198 730 1339 787 malorem

191 828 370 901 diligentiam
398 825 563 886 adhibuisse
589 842 673 899 qnam
700 824 823 884 Livium.
870 824 994 884 Accedit
1022 822 1099 897 quod
1127 842 1191 884 aum
1220 826 1340 886 Nitzsch

190 925 341 999 Polybium
372 926 402 984 in
436 941 519 984 nsum
551 932 683 984 vocatum
720 941 782 984 esse
815 925 851 984 cb
884 941 946 984 eam
981 941 1095 984 causam
1129 933 1223 999 neget,
1260 926 1340 1000 quod

190 1042 334 1097 nunquam
363 1025 533 1093 nominetur,
556 1040 591 1081 ne
612 1022 742 1082 Valerius
767 1024 880 1095 quidem
909 1027 939 1083 in
964 1023 1046 1082 libris
1070 1027 1192 1082 21-2'4
1214 1042 1339 1086 comme·

190 1130 334 1183 moratur.
756 1181 757 1184 ,

273 1223 332 1282 Alii
354 1223 489 1294 permulti
517 1223 598 1281 illum
625 1239 791 1282 consensum
814 1224 884 1281 oriri
913 1212 969 1282 uon
990 1220 1118 1295 potuisse
1148 1224 1337 1297 contendunt,

190 1325 246 1382 nisi
266 1323 402 1397 Polybius
432 1327 462 1381 et
485 1323 582 1382 Liuius
611 1339 790 1382 communem
812 1322 954 1395 quendam
981 1325 1083 1382 ducein
1112 1324 1201 1382 secuti
1231 1331 1335 1383 essent.

192 1425 283 1496 Quem
304 1441 483 1483 communem
504 1423 652 1494 utriusque
673 1432 819 1482 auctorem
845 1422 930 1482 inisse
957 1423 1057 1492 velint,
1087 1421 1118 1480 id
1140 1423 1212 1481 scire
1236 1430 1336 1483 nostra

192 1525 262 1583 nihil
283 1522 381 1594 refert,
404 1540 468 1582 cum
489 1524 604 1588 omnino
624 1522 695 1582 baec
706 1524 802 1596 opinio
821 1520 902 1581 nobis
922 1519 996 1581 falsa
1006 1539 1074 1582 esse
1090 1523 1229 1582 videatur.
1261 1507 1338 1582 Nam

192 1625 216 1682 si
240 1639 418 1682 communem
441 1626 587 1682 auctorem
610 1622 769 1682 adhibitum
790 1639 852 1682 esse
874 1622 960 1694 dicas,
992 1623 1128 1682 ostendas
1145 1628 1269 1683 'necesse
1290 1623 1337 1690 sit,

192 1722 335 1795 quomodo
350 1719 455 1782 factum
476 1722 522 1790 sit,
544 1727 576 1781 ut
586 1721 723 1796 Polybius
744 1727 774 1780 et
784 1723 881 1782 Livius
904 1723 934 1780 in
948 1723 1011 1782 allis
1028 1721 1115 1781 rebus
1129 1723 1335 1794 consentirent,

192 1823 222 1880 in
250 1822 314 1881 aliis
342 1822 548 1896 discreparent.
594 1821 652 1880 Sed
680 1838 729 1881 eas
759 1839 806 1881 res
834 1817 999 1896 spectanti‚‘
1020 1823 1050 1880 in
1075 1820 1177 1895 quibus
1206 1823 1338 1882 convenit

193 1921 274 1980 Liuio
296 1939 362 1979 cum
383 1922 512 1995 Polybio,
542 1922 613 1981 nihil
639 1922 694 1981 tibi
721 1922 904 1981 verisimilius
933 1922 990 1980 erit
1018 1938 1103 1995 quam
1130 1938 1180 1981 eas
1210 1938 1246 1981 ex
1275 1924 1337 1996 ipso

192 2022 312 2096 Polybio
334 2023 452 2080 haustas
474 2037 546 2081 esso.
579 2020 846 2095 Discrepantiarum
867 2025 969 2081 contra
990 2038 1123 2094 magnam
1145 2026 1257 2094 partem
1279 2039 1338 2081 non

195 2136 231 2179 ex
254 2121 394 2180 communi
416 2121 539 2193 quodam
561 2119 637 2180 fonte
659 2119 774 2180 fluxisse
796 2120 880 2180 iacile
901 2121 1058 2196 intelleges.
1092 2121 1159 2180 'Iria
1180 2123 1257 2180 enim
1271 2129 1340 2182 suut

187 2237 302 2309 genera
316 2220 583 2293 discrepantiarum.
613 2221 739 2281 ¹Scilicet
760 2238 846 2294 saepe
869 2237 942 2279 unus
957 2224 1058 2279 auctor
1078 2235 1199 2292 parvam
1211 2221 1340 2294 aliquam

160 2348 165 2358 ·
194 2337 256 2378 rem
277 2325 387 2393 narrat,
418 2321 498 2380 cuius
526 2321 601 2378 alter
628 2323 801 2381 mentionem
828 2337 885 2381 non
914 2318 999 2393 iacit3
1029 2321 1120 2379 veluti
1147 2336 1220 2392 quae
1241 2321 1339 2381 Livius

195 2422 232 2477 21
248 2423 356 2477 ·21·9
379 2426 409 2478 et
430 2421 589 2478 21·22·5
612 2439 672 2494 sqq.
710 2422 746 2480 de
766 2421 936 2481 Hannibalis
969 2422 1071 2481 itinere
1092 2419 1183 2480 Gadis
1203 2420 1282 2481 iacto
1310 2425 1340 2478 et

194 2520 327 2593 prodigio
359 2520 396 2579 ad
417 2519 558 2579 Hiberum
586 2523 646 2580 uiso
678 2529 835 2588 memorat,
868 2538 886 2580 a
913 2520 1036 2594 Polybio
1054 2520 1131 2595 apud
1162 2530 1340 2581 communem

196 2624 342 2678 auctorem
357 2621 473 2678 inventa
488 2620 612 2695 quidem,
635 2622 686 2680 sed
712 2622 840 2681 consulto
863 2622 969 2680 omissa
988 2637 1050 2680 esse
1076 2621 1163 2680 dicas.
1176 2650 1213 2661 -
1226 2618 1341 2678 Deinde

196 2734 252 2776 non
274 2734 342 2777 raro
371 2718 466 2791 aliqua
487 2735 534 2777 res
564 2720 601 2779 ab
626 2737 684 2780 uno
717 2726 834 2781 auctore
860 2721 947 2794 paulo
976 2721 1062 2779 aliter
1090 2726 1228 2780 narratur
1254 2735 1340 2791 qnam

199 2818 235 2878 ab
258 2820 359 2885 altero,
381 2821 460 2878 velut

237 2937 299 2997 Liv.
347 2937 490 2993 21·23·3
522 2953 592 3010 sqq·
640 2938 739 2997 decem
770 2934 772 3016 l
837 2938 900 2997 Pol.
924 2937 1049 2995 3·35·5
1072 2954 1133 3011 sqq.
1165 2929 1341 3014 ἀπεμέρισε

195 3037 274 3096 milia
295 3037 424 3109 peditum
444 3038 581 3095 Hannoni
599 3038 635 3096 ad
656 3055 741 3110 prae·
797 3032 836 3096 δὲ
858 3034 915 3111 τῆς
942 3026 1114 3114 δυνάμεως
1140 3021 1178 3109 ἧς
1200 3027 1272 3107 εἶχε
1294 3034 1343 3113 τῷ

197 3137 301 3195 sidium
330 3135 504 3196 obtinendae
525 3137 650 3210 regionis
672 3138 741 3197 data
795 3134 855 3212 μὲν
871 3126 1003 3197 ’Ἁοοωιιι
1036 3121 1152 3208 ardoris
1184 3125 1340 3212 μορίοος,

197 3242 226 3293 et
250 3237 328 3294 mille
351 3237 478 3308 equites.
492 3238 564 3295 .tria
585 3236 664 3295 milia
678 3236 745 3295 inde
797 3236 902 3304 ἱππεῖς
915 3232 954 3296 δὲ
975 3232 1205 3309 χιλίοος..ει’ς
1228 3226 1267 3290 δὲ
1283 3223 1343 3307 τήν

199 3334 427 3410 Carpetanorum
448 3335 577 3408 peditum
591 3338 649 3395 iter
663 3353 744 3395 aver·
796 3335 923 3398 οἰκιιίιιι
951 3330 1089 3397 ἀπέλαυσε
1122 3318 1200 3400 τούς
1240 3318 1341 3399 Ιἴοοος

196 3435 485 3495 terunt..llannibal
517 3453 605 3508 supra
634 3440 743 3509 septem
795 3441 869 3505 τοῖς
907 3435 1167 3517 προειρημένοις,
1214 3422 1340 3511 βουλό-

195 3537 276 3594 milia
307 3536 451 3595 bominum
488 3536 588 3595 domos
624 3536 744 3602 remisit,
795 3554 892 3612 μενος
905 3580 932 3597 ..

196 3635 378 3708 Carpetanos
398 3652 511 3710 quoque
533 3635 570 3695 ab
593 3651 624 3695 se
646 3636 744 3695 dimis-

196 3751 244 3794 sos
263 3737 410 3795 simulans.

280 3852 335 3912 Hic
357 3855 381 3914 si
391 3856 455 3928 quis
465 3854 577 3913 Livium
588 3855 745 3913 communis
756 3854 837 3913 dncis
852 3852 971 3925 vestigia
985 3853 1147 3912 accuratius
1166 3852 1340 3926 expressisse

196 3953 273 4011 dicat
294 3970 379 4024 quam
399 3953 561 4027 Polybium,
582 3972 639 4014 non
659 3954 784 4014 habeam
806 3952 882 4026 quod
905 3958 1008 4013 contra
1029 3970 1171 4013 moneam.
1204 3953 1259 4012 Vel
1274 3962 1339 4011 cum

200 4052 295 4112 Livius
318 4054 369 4126 (22
384 4075 389 4086 ·
403 4057 420 4112 3
433 4071 439 4084 ·
453 4052 485 4128 8)
512 4071 625 4123 omues,
653 4052 791 4127 Polybius
814 4050 845 4128 (3
858 4073 864 4086 ·
878 4056 915 4112 82
930 4074 936 4087 ·
949 4048 983 4134 4)
1012 4047 1177 4112 οοιιιιιιίἱοο
1198 4053 1340 4113 Flaminio

197 4151 347 4212 oblocutos
369 4170 431 4212 esse
453 4155 539 4227 dicat,
569 4171 626 4213 non
652 4152 821 4231 improbem,
841 4154 866 4211 si
887 4154 964 4226 apud
991 4158 1169 4214 'communem
1191 4158 1340 4212 auctorem

195 4251 336 4326 scriptum
348 4250 436 4312 fuisse
451 4258 536 4327 putes
552 4247 717 4333 plerosque
731 4257 832 4313 contra
846 4253 1020 4313 Flaminium
1034 4254 1209 4314 sententiam
1225 4251 1338 4311 dixisse.
